2466 4576
582 94 911 239 ..pn-¹*

182 284 307 363 bonam
332 283 431 351 deam
456 290 662 369 accisam,
690 308 712 352 a
737 248 907 372 corrupt‘u
927 286 1099 374 judicibus
1161 281 1207 338 at·

181 398 314 467 solutus
341 413 406 482 est,
430 412 572 468 senatus
599 402 762 493 deorum„
784 415 821 469 ut
846 405 890 468 de
915 403 968 483 iis,
995 402 1051 487 qui
1076 403 1121 469 ob
1156 382 1224 454 ³¹¹³

182 517 359 585 dicandum
382 520 561 604 pecuniam
575 506 804 606 accepissent,
826 529 1058 607 quaereretur.
1094 519 1125 594 Q
1165 501 1233 571 nti

182 654 240 716 res
268 656 367 719 quum
392 635 612 704 vehementer
637 639 768 722 equites
796 637 1013 712 offendisset,
1043 656 1121 700 att.
1171 623 1229 686 illc

183 751 290 833 altera
317 753 544 838 provincialis.
594 754 712 822 Asiani
745 756 832 820 enim
864 765 1004 822 auctore
1039 753 1124 819 Ca.
1178 763 1228 795 1·¹'‘

183 870 302 949 eodem
327 890 438 949 auno,
472 872 583 955 questi
608 874 643 937 in
668 882 808 951 senaar,
839 891 880 938 sc
902 871 1088 957 cupiditate
1124 897 1133 943 t
1189 866 1225 918 l'·

181 985 301 1071 lapsos
326 986 459 1053 nimium
479 1008 602 1074 magno
623 989 840 1068 conduxisse,
861 986 1141 1072 postulaverunt:
1188 1001 1206 1027 ι’
1232 994 1233 1009 ’

182 1102 305 1174 locatio
319 1103 544 1170 induceretur.
598 1106 710 1186 Quod,
732 1125 932 1191 quamquam
947 1103 1118 1171 Cicerone
1231 1124 1233 1135 ¹

181 1222 298 1309 jutore
323 1222 377 1287 usi
402 1233 499 1302 sunt,
534 1224 600 1307 qui,
628 1223 779 1308 quamvis
801 1223 977 1307 impudens
1010 1243 1106 1306 poa-1
1203 1232 1225 1259 ‘³

185 1351 298 1417 esset,
335 1347 448 1403 tamen
473 1338 530 1407 vel
548 1341 718 1426 jacturam
749 1340 799 1404 rai
824 1337 982 1424 publicae
1003 1336 1154 1405 ἤιά-ιν

184 1474 265 1533 esse
286 1455 412 1524 ordinis
438 1455 605 1521 retinendi
632 1475 741 1523 causa
773 1457 922 1533 censuit,
961 1476 1065 1539 quum
1094 1474 1173 1529 aaa
1202 1467 1223 1495 “³

184 1583 276 1653 nam,
303 1572 432 1639 Catone
455 1574 614 1658 imprimis
641 1577 858 1654 adversante,
883 1595 952 1639 non
980 1574 1175 1659 impetrarit
1209 1585 1232 1612 ι’

184 1700 272 1770 sent,
298 1711 442 1774 prorsus
467 1712 486 1756 a
515 1691 686 1759 nobilitata
711 1691 882 1778 publicani
908 1691 1093 1764 abalienati
1107 1702 1177 1759 suat
1216 1707 1228 1732 '‘

186 1807 300 1873 Tertio
328 1818 440 1873 autem
461 1819 542 1892 post
565 1829 656 1874 anno
683 1807 813 1874 Caesar
841 1809 981 1889 consul,
1013 1812 1116 1896 eujus
1145 1806 1181 1875 iti

185 1935 305 1990 auctor
335 1922 464 2004 fuerat,
491 1944 565 1991 eam
592 1927 634 1990 ad
656 1925 759 1991 finam
779 1924 934 2009 perduxit
944 1915 1021 2008 ¹⁶⁸).
1076 1924 1183 1991 Effecit
1228 1944 1232 1967 ¹

185 2040 289 2120 enim,
314 2050 351 2106 ut
373 2041 471 2107 tertia
496 2062 577 2125 pars
601 2043 794 2107 mercedum
821 2042 985 2126 equitibus
1008 2045 1184 2110 remittere

184 2168 256 2236 tur,
290 2178 356 2240 quo
383 2155 549 2222 beneficio
583 2159 629 2222 ita
653 2159 716 2222 sibi
740 2145 890 2223 ordinem
916 2169 1113 2241 equestrem
1137 2162 1187 2231 olr

184 2274 335 2354 strinxit,
360 2284 397 2337 ut
418 2285 543 2358 postea
569 2295 704 2359 quoque
730 2276 762 2339 in
788 2274 880 2341 bello
907 2274 994 2340 civili
1016 2277 1094 2361 ejus
1120 2298 1188 2362 par·

184 2391 272 2456 tibus
299 2409 339 2455 se
365 2388 567 2474 applicaret.
619 2389 746 2456 Contra
766 2393 916 2476 juvenes
931 2390 1077 2471 nobiles,
1104 2395 1190 2478 equi

184 2516 253 2571 tum
280 2505 437 2571 ceutmiis
471 2507 527 2590 qui
554 2506 830 2584 continebantur,
859 2508 1057 2593 Pompejum
1086 2511 1192 2575 secui

184 2630 279 2696 suut3
301 2619 456 2704 haecque
481 2631 553 2687 erat
574 2620 719 2698 delicata
738 2621 796 2687 illa
818 2643 937 2687 manus
958 2623 1193 2705 trossulomn,

186 2760 327 2825 quorum
348 2738 457 2804 facies
483 2736 585 2804 scrire
613 2739 743 2805 Caesar
767 2739 885 2806 milites
903 2731 1085 2826 jussam).
1129 2743 1194 2817 Ne·

186 2877 251 2942 que
283 2867 394 2921 tamen
421 2855 586 2921 dictatura
615 2857 759 2940 potitus,
793 2857 924 2922 Caesar
956 2859 1075 2922 eadem
1115 2859 1194 2927 leui-

185 2983 256 3037 tate
290 2984 392 3056 atque
422 2972 627 3058 indulgentia
660 2992 744 3057 erga
777 2973 979 3056 publicanos
1006 2984 1102 3056 erat,
1132 2998 1195 3062 qua

85 3108 88 3113 ·
186 3098 288 3153 antea
311 3106 372 3152 eos
398 3088 461 3153 sibi
477 3087 698 3172 obligaverat,
725 3090 786 3152 sed
814 3090 896 3154 satis
911 3091 1042 3156 severis
1066 3092 1110 3156 de
1138 3114 1195 3160 ve-

187 3203 361 3291 ctigalibus
391 3202 565 3287 exigendis
582 3202 731 3288 legibus
759 3205 843 3269 datis
879 3206 1052 3271 avaritiam
1079 3228 1195 3273 eorum

188 3321 347 3399 coercuit.
382 3356 423 3364 -
455 3319 542 3384 Post
573 3320 733 3385 Caesaris
758 3341 878 3387 necem
914 3321 1040 3388 frustra
1075 3325 1195 3397 Cicera

297 3574 364 3651 163)
385 3574 512 3635 Suetou.
533 3573 594 3634 dul.
615 3572 663 3636 20.

292 3665 358 3739 lat)
379 3663 459 3744 Plut.
480 3663 589 3744 Pomp.
608 3665 654 3727 69.
675 3664 764 3727 Caes.
787 3666 834 3728 45.
