2466 4576
515 280 723 348 *ffl—

112 466 283 544 nomenti,
304 485 372 531 nou
394 466 504 534 video.
540 467 594 533 Au
612 465 867 552 populicum,
889 476 925 528 ut
944 463 1119 528 hucunum

111 583 253 660 eddam,
275 583 320 649 de
341 584 543 651 censoribus
558 585 723 669 judicium
746 584 836 670 quod
855 583 991 660 attinet,
1013 581 1122 666 publi-

114 721 276 767 cenorum
297 701 409 767 edium
429 721 497 767 nou
517 721 618 767 uuum
633 697 764 767 Claudii
781 698 1030 767 condemnandi
1045 717 1122 763 ceu·

112 835 184 883 enm
205 815 331 902 fuieee,
353 828 387 883 et
405 838 449 883 ec
470 828 632 902 apparet,
659 818 750 903 quod
776 816 919 883 alterum
943 833 1121 881 censorem

111 955 185 1001 non·
200 954 314 1020 neque
334 944 435 1020 etque
455 933 544 1000 ilium
566 933 700 1002 infense
720 934 785 1001 eibi
801 933 940 1000 comitia
961 931 1122 1000 habuisse

112 1047 418 1133 menifestum-eet,
443 1061 479 1117 et
498 1050 613 1115 Livius
635 1051 710 1133 ipee
730 1059 889 1127 tentetur,
919 1046 1123 1132 complures,

111 1167 233 1253 quibus
255 1182 419 1233 censores
443 1165 558 1251 populi
579 1165 736 1232 invidiam
763 1165 797 1229 in
819 1184 859 1229 ee
880 1165 1123 1242 converterint,

105 1282 260 1351 ,efferens
270 1302 412 1359 cnuees3
432 1304 452 1347 e
473 1284 595 1369 quibus
606 1283 735 1370 equites
754 1301 911 1366 asperam
933 1300 1122 1358 censuram,

110 1401 312 1485 publicanos
336 1400 499 1478 edictum,
520 1419 564 1465 ne
586 1400 642 1486 qui
663 1399 822 1486 proximis
845 1399 1045 1467 censoribus
1067 1418 1121 1464 ve·

107 1515 301 1604 ctiguiie-et
322 1517 534 1589 ultroneum
553 1519 817 1598 conduxissent,
843 1518 887 1583 ed
912 1515 1046 1582 uestem
1066 1535 1122 1581 ec·

100 1636 290 1718 cederent,
316 1634 451 1720 plebem
471 1636 625 1722 injurium
645 1635 800 1701 libertino·
827 1634 953 1702 factem
981 1647 1016 1700 et
1043 1655 1123 1701 cun·

108 1759 242 1823 cione·
264 1773 285 1817 e
306 1754 436 1820 tribuno
467 1765 650 1821 evocatum·
667 1753 942 1838 exasperavieee,
969 1754 1000 1818 ei
1021 1754 1123 1838 conji-

109 1874 185 1953 ein,
206 1892 274 1939 nen
295 1873 417 1958 pmcn
430 1874 546 1941 videor
568 1873 876 1938 uvercebemsse.
910 1871 1010 1946 Quod
1022 1892 1122 1956 quum

108 1991 245 2059 omnino
268 2011 289 2057 e
304 1992 460 2078 judiciis,
480 1992 605 2076 quippe
624 1991 657 2055 in
679 1991 823 2076 quibus,
845 1990 925 2056 licet
946 1988 1122 2075 plurimum

109 2108 256 2194 purtim
287 2108 418 2187 studio,
447 2108 582 2174 multum
608 2120 718 2175 temen
748 2128 883 2174 reorum
913 2107 1123 2175 cineribus

111 2226 331 2311 endigniteti,
351 2225 503 2293 nonnihil
523 2227 623 2291 etium
645 2225 792 2310 iustitiae
809 2226 910 2291 tribui
930 2223 1058 2304 soleat,
1080 2226 1122 2291 de

103 2342 297 2412 feefiouum
318 2345 351 2411 in
373 2365 412 2409 re
434 2343 569 2429 publicu
589 2343 781 2411 conditione
804 2344 888 2408 certi
910 2342 1042 2428 aliquid·
1057 2342 1122 2409 coi-

109 2460 216 2553 ligne
234 2460 369 2537 difficile
391 2463 450 2530 sit:
478 2461 570 2527 nullo
593 2462 694 2527 medo
715 2461 749 2526 id
772 2459 844 2526 fieri
866 2461 993 2527 debere
1017 2480 1124 2546 appe·

110 2593 196 2658 uel,v
212 2581 268 2649 ubi
296 2592 346 2644 tut
377 2580 531 2647 divenses
560 2579 705 2648 invidiae
739 2580 962 2645 concitandae
999 2599 1124 2647 censes

110 2699 317 2767 convenisse
338 2708 481 2764 constat.
514 2697 556 2764 Et
578 2698 666 2764 heec
685 2699 817 2784 quidem
829 2698 1006 2767 haetenus.
1037 2699 1123 2765 Pau-

111 2819 299 2885 cicentem
325 2827 363 2882 ut
387 2816 498 2886 emnia
527 2815 749 2901 complectar,
783 2816 872 2881 hnec
898 2815 973 2882 fere
1008 2816 1122 2900 paulin

110 2946 192 3003 unte
209 2933 313 3021 ,leges
340 2932 565 3001 Gracchanus
593 2934 738 3019 equitum
765 2934 914 2998 conditio
941 2932 1047 2999 fnisse
1077 2935 1124 3026 vi·

112 3054 230 3129 detur„
261 3051 336 3117 Duo
360 3063 457 3117 erent
475 3052 608 3118 omnino
629 3052 775 3137 equitum
796 3050 850 3117 vel
871 3050 1122 3136 pauimentum,

111 3172 267 3256 uduuoe
285 3168 397 3256 aliquo
418 3171 518 3236 medo
540 3169 607 3236 hoc
627 3190 750 3235 numen
763 3171 962 3254 pertinebat,
985 3191 1125 3257 genere,

107 3286 253 3353 -elteuum
276 3307 409 3363 eurum,
437 3289 494 3372 qni
519 3309 639 3373 equum
660 3287 829 3372 publicum
850 3288 1014 3354 heberent
1036 3292 1125 3356 etin

114 3403 341 3487 duodeviginti
371 3404 533 3473 centuriis
567 3418 699 3489 essent,
729 3405 871 3471 elteuunn
903 3427 1035 3484 eorum,
1069 3409 1124 3493 qui

112 3539 255 3587 connum
276 3530 468 3606 equestrem
489 3518 671 3601 heberent,
693 3522 726 3585 in
747 3524 907 3588 centenis
929 3524 1124 3589 illie-autem

114 3635 277 3721 suffragiu
310 3658 377 3702 non
406 3636 594 3719 feurent⁹⁸).
652 3639 766 3704 Priore
798 3650 907 3705 entem
937 3643 969 3705 in
998 3661 1125 3726 genere

111 3800 324 3815 m-

220 3889 271 3963 98)
310 3891 407 3971 Merq.
427 3914 457 3974 p.
478 3894 524 3955 23.
546 3897 684 3956 mnus-2
699 3847 819 3976 Zumpti
839 3918 868 3978 p.
888 3896 934 3958 82.
957 3897 1003 3960 84.

892 4059 913 4120 5
