2466 4576
472 265 711 367 .‘'88'‘

109 457 266 512 mictum
288 449 348 527 sit,
374 438 491 532 potum
524 447 704 533 liquetffl).
745 447 913 515 Everlais
940 447 1120 517 Ciceronis

109 563 154 644 (iu
178 563 335 629 Pisonem
347 563 406 649 39)
429 565 580 650 ,joanes
589 563 790 649 judicabunt
809 564 843 645 ii,
860 585 947 650 quos
967 564 1023 633 lex
1042 567 1123 651 ipsu

109 700 177 745 uon
198 701 284 764 quos
304 680 474 747 homiuum
495 679 596 745 libido
618 679 806 766 delegeriti‘
827 681 863 749 id
875 691 1002 777 tautum
1015 703 1122 768 appu.

109 807 183 876 rot,
205 798 358 882 judicum
378 797 558 864 lectionem
580 818 647 862 nou
668 808 823 875 mantea
840 800 1010 882 praetoris
1031 799 1122 867 arbi·

109 913 172 976 trio
193 914 409 998 permissam,
436 916 499 980 sed
528 926 624 980 certa
650 915 794 1000 quadam
824 915 954 980 ratione
982 936 1027 985 ex
1051 916 1122 983 hac

109 1028 185 1116 lege
204 1030 352 1095 labium
380 1053 476 1114 essm
509 1033 616 1118 qualis
645 1043 756 1098 autem
781 1031 883 1099 fuerit
907 1032 995 1098 haec
1023 1035 1122 1112 ratio,

109 1168 176 1212 nou
199 1159 302 1231 patet.
345 1149 445 1223 Quae
475 1161 583 1229 autaut
616 1149 788 1214 Asconius
811 1150 854 1214 ad
874 1148 985 1216 locum
1006 1149 1122 1217 laudu-

109 1273 177 1329 tum
188 1267 378 1330 annotavit:
400 1265 645 1351 „promulgavit
655 1267 848 1351 Pompejus,
862 1278 899 1331 ut
913 1266 1122 1350 amplissimo

113 1401 157 1448 ex
180 1402 296 1460 censu,
320 1403 361 1446 ex
390 1384 549 1448 centuriis
571 1383 668 1447 aliter
689 1395 789 1468 atquc
814 1395 914 1449 auten
939 1382 1018 1448 lecti
1030 1385 1121 1469 Judi·

112 1496 206 1560 dices
228 1516 337 1581 aeque
358 1508 469 1561 tamen
493 1518 535 1561 ex
557 1497 622 1561 illis
645 1497 751 1562 tribus
764 1499 941 1565 ordinibus
959 1521 1017 1565 res
1031 1501 1121 1585 judi.

110 1618 250 1676 carent“
272 1633 314 1678 ea
336 1614 387 1676 de*
403 1634 510 1681 ceusu
526 1615 677 1699 judicum
698 1614 823 1698 aliquid
844 1625 1004 1681 mutatum
1027 1635 1120 1695 esso,

110 1729 352 1807 demonstrant,
372 1731 435 1794 sed
457 1749 556 1814 quem
572 1730 605 1793 iu
628 1730 760 1805 modum
783 1749 908 1799 uattsus
923 1742 1044 1797 auctus
1064 1734 1120 1810 sit,

109 1865 178 1909 non
191 1843 309 1929 liquem
330 1857 431 1930 atque
442 1846 645 1910 obscuriora
654 1847 757 1911 etiattt'
769 1856 848 1913 ‘suut
864 1848 971 1912 verba
992 1840 1120 1924 „eom-

109 1961 205 2026 turiis
238 1960 334 2027 aliter
361 1972 460 2046 atque
491 1968 636 2040 autea,⁴‘
663 1981 859 2050 quamquam
884 1961 974 2025 ltaud
1003 1963 1121 2045 inepto

111 2077 156 2141 ad
177 2087 307 2141 certum
319 2078 743 2162 quendam'stipendiorum
755 2097 926 2146 numerum
938 2077 1122 2147 celeranda

110 2212 153 2257 ea
174 2212 253 2259 esse
274 2195 396 2277 cuique
407 2194 653 2273 faciendorum,
675 2197 868 2280 priusquam
889 2194 1034 2280 judicem
1052 2195 1122 2278 legi

109 2307 244 2385 liceret,
276 2310 499 2394 Goattlingius
527 2313 719 2398 conjecisse
744 2311 886 2377 videar.
937 2309 1023 2376 Huic
1053 2309 1122 2394 legi

109 2423 290 2510 Pompojus
309 2445 398 2489 anuo
419 2428 718 2510 septingentesimo
740 2424 908 2505 secundo,
936 2445 1034 2508 quum
1055 2424 1121 2489 tut-

108 2539 195 2609 lonis
215 2560 322 2606 causa
343 2552 523 2624 ageretur,
541 2543 630 2607 duas
654 2542 741 2606 alies
755 2541 957 2629 adjecit¹⁶³)‚
979 2539 1120 2606 alteram

111 2656 153 2720 de
175 2656 209 2719 vi
231 2657 432 2739 specialem,
459 2655 597 2720 alteram
620 2657 663 2720 de
685 2657 810 2724 ambitu
830 2655 929 2722 latius
950 2667 1120 2740 patentem

111 2782 144 2835 et
164 2791 208 2835 ex
232 2773 373 2856 speciali
404 2784 438 2837 et
457 2772 607 2857 generali
629 2775 783 2851 mixtam,
808 2792 877 2859 qua
900 2774 1054 2851 instituit,
1085 2785 1122 2838 ot

109 2887 253 2951 trecenti
286 2890 464 2971 sexaginta
484 2889 621 2973 judices
650 2908 692 2950 ex
719 2888 837 2953 iisdem
866 2888 972 2950 tribus
999 2887 1121 2950 ordini-

107 3003 171 3066 bus
190 3000 392 3085 legerentur,
416 3024 458 3067 ex
480 3003 545 3082 his,
564 3003 759 3067 testimoniis
782 3002 890 3081 dictis,
906 3011 998 3066 sorte
1014 3003 1122 3067 duce·

109 3127 225 3180 rentur
242 3117 415 3198 octogiuta
437 3138 542 3194 uuus,
571 3114 816 3204 duodetriginta
842 3126 1040 3193 senatores,
1069 3117 1119 3179 vi·

109 3231 189 3313 giuti
211 3241 344 3312 septem
365 3230 506 3314 equites,
528 3231 643 3314 viginti
663 3245 727 3294 sex
747 3231 869 3295 tribuni
888 3231 1026 3306 paratim
1052 3252 1120 3316 quo

110 3365 154 3408 ex
180 3366 337 3426 numero,
371 3365 475 3407 causa
505 3355 683 3427 perorata,
715 3355 750 3409 et
773 3347 968 3410 accusatori
998 3356 1031 3410 et
1059 3364 1120 3410 reo

107 3461 226 3545 quinos
250 3461 414 3545 cujusque
439 3459 565 3529 ordinis
588 3460 733 3544 rejicere
752 3459 889 3545 liceret,
920 3473 953 3537 ut
987 3473 1120 3531 senten.

145 3620 164 3627 .-
174 3618 321 3628 muno—-

213 3703 281 3778 152)
303 3703 362 3769 cir.
386 3704 540 3781 Goettling
559 3724 589 3783 p.
609 3703 674 3764 tat.

214 3792 281 3866 153)
306 3792 366 3854 Cl'r.
386 3790 527 3872 Madwlg.
551 3794 569 3854 l.
591 3795 609 3862 l,
630 3815 659 3871 p.
681 3792 747 3852 246.
790 3792 869 3854 Geth
889 3802 921 3874 p.
942 3795 1008 3855 311.
1098 3886 1101 3891 Ι
