2466 4576
517 261 722 329 ..35-

110 465 254 531 pressa,
275 456 406 511 mortuo
429 443 485 510 illc
505 443 799 511 vehementissime
821 443 991 527 prorupit,
1013 465 1123 530 neque

111 565 267 645 deerant,
281 563 338 647 qai
351 558 591 646 rempublicam
608 560 732 626 sistere
745 577 850 644 posse
862 571 1039 646 negarent,
1059 562 1124 629 nisi

108 680 155 748 tul
179 693 372 765 equestrem
398 679 550 744 ordinem
572 677 701 763 judicia
723 675 1013 754 renuentum).
1056 676 1121 745 llic

108 815 222 863 rerum
239 803 348 861 status
371 813 470 880 quum
495 802 598 875 esset,
618 803 756 876 praetor
777 792 816 863 L.
829 791 990 858 Aurelius
1012 791 1123 872 Cotta,

107 913 184 997 ipse
205 911 306 977 homo
333 909 455 978 nobilis
488 918 523 977 et
549 919 671 993 postea
692 909 853 994 princeps
874 918 1032 990 sanatus,
1062 928 1122 976 ve-

107 1029 213 1107 ritus,
235 1047 295 1107 ne,
317 1028 347 1092 si
368 1027 412 1093 ab
434 1026 642 1093 adversariis
664 1027 772 1110 primu
794 1026 844 1093 rei
867 1028 990 1093 mentio
1013 1025 1120 1106 fieret,

108 1163 254 1228 prorsus
270 1142 409 1229 judiciis
423 1151 564 1209 senatus
578 1142 826 1220 exturbaretur,
844 1141 1008 1227 simulque
1030 1144 1119 1231 ordi·

109 1280 187 1327 num
209 1259 479 1345 conjunctionem
506 1257 762 1325 saluberrimum
783 1244 1014 1342 reipublicae
1046 1259 1121 1325 lore

107 1387 222 1457 ratas,
247 1396 336 1441 anno
363 1374 613 1441 sexcentesimo
635 1375 843 1459 octogesimo
865 1385 985 1460 quarto
1006 1375 1120 1459 legem

107 1490 181 1558 tulit
210 1503 243 1556 et
272 1490 422 1575 pertulit,
452 1501 488 1556 ut
513 1501 585 1556 tres
603 1490 754 1577 judicum
782 1490 944 1556 decuriae
973 1491 1120 1558 institue

107 1620 227 1674 rentur
247 1609 354 1692 prima
380 1608 569 1684 senatoria,
596 1607 702 1673 ultera
726 1608 910 1693 equestris,
940 1609 1038 1673 tertie
1064 1610 1118 1674 tri·

108 1724 275 1790 hunorum
313 1724 531 1791 aerariorum.
554 1759 597 1771 -
650 1722 871 1791 Tribunorum
914 1727 1119 1791 aerariorum

107 1843 276 1908 mentione
293 1841 402 1920 illata,
425 1859 570 1907 necesse
590 1859 669 1905 esse
691 1841 840 1919 videtur,
861 1841 994 1926 utquid
1016 1842 1058 1906 de
1079 1843 1119 1907 iis

106 1960 322 2025 statuendum
344 1978 422 2024 esse
450 1967 579 2042 putem,
610 1957 728 2042 paucis
759 1976 936 2042 exponam.
980 1958 1118 2043 inquisi-

106 2086 229 2143 verunt
252 2085 361 2141 autem
383 2077 415 2139 in
438 2075 528 2142 hauc
546 2095 617 2140 rem
641 2076 900 2170 accuratissime
916 2074 1119 2160 Madwigius

106 2195 248 2277 (opusc.
261 2193 296 2256 11.
320 2215 351 2275 p.
361 2191 438 2273 utu)
460 2201 494 2256 et
511 2191 753 2257 Mommsenius
775 2192 835 2276 (de
856 2192 1008 2256 tribubus
1021 2192 1119 2258 Rom·

108 2327 185 2393 cap.
207 2308 239 2387 l,
259 2307 428 2395 §.3-9);
449 2308 511 2372 sed
530 2306 703 2392 utriusque
725 2308 1040 2372 commentationem
1063 2328 1119 2374 ac-

108 2426 256 2491 curatius
295 2444 499 2508 percensere
533 2444 631 2508 quum
658 2423 794 2507 longum
825 2424 887 2501 sit,
921 2425 1119 2504 summatim,

108 2562 196 2629 quoe
217 2544 259 2607 ab
281 2543 322 2607 iis
340 2541 463 2609 effecta
484 2560 563 2608 esse
582 2552 714 2626 putem,
743 2527 917 2625 exponere
947 2543 1032 2609 sutis
1060 2542 1118 2607 ha-

107 2662 209 2726 bebo.
253 2659 338 2724 Sunt
364 2666 475 2722 autem
502 2656 589 2729 haec
609 2657 697 2722 lere:
724 2657 861 2723 Tribuni
886 2659 1009 2729 aerarii
1038 2661 1119 2732 anti.

109 2779 219 2862 quitus
234 2777 431 2841 dicebantur
440 2774 584 2841 tribuum
598 2783 773 2840 curatores
791 2776 864 2840 sive
880 2773 1044 2859 φύλαρχοι
1051 2776 1119 2858 14¹),

110 2893 229 2976 quibus
260 2900 397 2975 praeter
433 2889 499 2954 alia
531 2908 669 2955 munere
695 2890 728 2955 td
760 2910 893 2975 quoque
928 2892 1119 2974 impositum

110 3019 195 3086 eret,
216 3017 253 3072 ut
266 3007 454 3091 pecuniam,
468 3025 530 3090 pro
548 3006 716 3088 stipendio
739 3004 894 3071 militibus
912 3007 1120 3086 solvendum,

109 3135 167 3188 aut
188 3145 207 3185 a
230 3133 322 3186 certo
344 3123 463 3186 civium
486 3142 623 3185 numero
647 3132 819 3204 cogerent,
842 3133 899 3185 aut
923 3142 964 3186 ex
987 3124 1119 3187 ceramo

110 3240 313 3324 acciperent,
335 3238 558 3322 militibusque
573 3248 653 3322 post
669 3237 840 3303 dimissum
862 3249 1008 3303 exeunte
1030 3258 1118 3301 anno

110 3357 292 3421 exercitum
337 3355 568 3419 exauctoratis
600 3365 831 3431 numerarent,
862 3366 1119 3438 propterquam

109 3471 286 3556 pecuniam
311 3470 453 3553 pignora
475 3469 578 3532 abiis
599 3488 722 3551 capere
747 3468 901 3535 militibus
916 3472 1041 3537 licebat
1050 3469 1119 3554 ¹⁴²).

218 3651 286 3725 140)
325 3651 387 3711 cio
407 3648 528 3710 Verrin.
549 3648 602 3719 111,
621 3649 669 3708 96.

216 3741 285 3815 141)
327 3741 550 3818 Mommsenp.
572 3739 611 3799 20
629 3758 748 3817 sqq.

221 3832 288 3905 ltu)
329 3831 551 3910 Mommsenp.
576 3831 615 3890 44
634 3849 705 3908 sqq.
743 3803 854 3899 Madw.
875 3853 907 3913 p.
928 3831 997 3895 ‘lto
1114 3901 1123 3914 ,
