2466 4576
516 270 729 337 ..w-t

109 452 340 539 largitionum,
373 453 488 518 socios
511 463 545 517 et
565 453 700 518 italicos
722 449 866 536 populos
889 450 1033 516 civitatis
1054 470 1119 534 spe

108 566 311 646 sollicitere,
340 579 377 632 ut
405 588 521 634 eorum
548 588 613 652 ope
639 569 750 654 legem
769 566 956 651 perferret,
979 576 1121 631 senatus

107 705 174 755 non
197 695 402 769 aspernatus
434 694 487 750 est
496 684 565 768 184).
618 683 695 748 Dixi
722 703 923 750 concessum
953 702 1031 748 esse
1052 681 1120 746 huo

107 796 184 890 lege
206 800 329 889 aliquid
349 804 502 887 partibus
525 802 758 886 popularibus.
802 801 920 887 Neque
944 799 1029 864 enim
1053 799 1120 862 Pe-

108 932 180 986 tero
203 912 390 997 assentior,
412 918 468 1004 qui
490 915 542 1002 (p.
566 915 646 1001 258)
667 917 816 1003 equites,
838 935 924 1003 quos
947 926 1035 980 teste
1048 914 1120 997 Ap·

108 1037 211 1121 pinno
239 1035 300 1119 (b.
323 1055 354 1101 o.
376 1034 406 1113 l,
428 1032 494 1115 35)
519 1032 705 1118 ἀριστίνδην
738 1034 771 1098 in
801 1043 953 1098 senatum
975 1030 1042 1115 legi
1062 1031 1120 1095 lex

103 1151 287 1238 panset,
306 1171 372 1216 non
395 1149 522 1216 ordinis
544 1151 710 1234 equestris
732 1151 913 1235 primores,
939 1149 1003 1214 sed
1028 1149 1119 1234 equi·

110 1282 161 1337 tes
183 1288 272 1354 equo
295 1266 426 1353 publico
445 1264 620 1332 habendos
650 1287 730 1332 esse
751 1267 934 1334 contendit.
978 1266 1064 1330 Nam
1083 1279 1119 1330 et

63 1470 65 1479 Ι
109 1387 141 1451 in
162 1385 249 1451 Livii
269 1382 478 1468 epitomem)
499 1384 584 1448 ordo
606 1395 764 1469 equester
779 1385 904 1450 diserte
921 1384 1120 1464 nominatur,

63 1484 65 1493 ¹
110 1513 144 1569 et
163 1501 316 1586 Vellejus
336 1499 446 1586 plebis
460 1501 644 1567 commodis
655 1501 767 1587 aliqua
789 1522 833 1566 ex
852 1513 949 1586 parte
968 1500 1119 1586 haolega

110 1617 299 1685 consultum
321 1637 400 1683 esse
423 1628 580 1695 testatur,
619 1638 728 1704 neque
750 1620 780 1684 ai
802 1619 844 1685 de
862 1619 1022 1686 nobilium
1044 1617 1121 1684 tiliis

108 1737 142 1802 iu
165 1746 316 1803 senatum
337 1734 491 1820 legendis
513 1747 622 1800 uotum
643 1748 753 1815 esset,
775 1748 914 1803 senatus
935 1737 1120 1821 ipsenobi-

106 1853 268 1939 litusque,
290 1872 393 1936 aegre
415 1852 610 1917 societatem
633 1873 707 1917 cum
721 1854 886 1938 equitibus
902 1853 1029 1929 serens,
1052 1851 1119 1937 legi

109 1971 291 2036 adversata
315 1980 416 2034 esset.
444 1967 570 2034 Verum
592 1980 664 2032 utut
679 1990 718 2034 sc
739 1967 827 2034 haee
843 1967 987 2047 hubent,
1008 1966 1118 2052 legem

107 2089 237 2154 Liviam
258 2097 316 2151 aut
337 2086 470 2151 omnino
494 2087 660 2172 perlatam
680 2109 748 2152 non
771 2107 867 2166 esse,
891 2097 949 2153 aut
972 2107 1048 2151 oum
1064 2105 1118 2151 ce·

108 2205 191 2271 teris
212 2203 361 2290 quadem
383 2202 518 2289 legibus
538 2224 559 2268 n
581 2216 722 2285 senatu,
748 2205 886 2271 decreto
908 2205 1017 2284 lacto,
1041 2226 1119 2270 con-

108 2336 162 2389 tra
181 2321 335 2405 auspicia
356 2341 436 2386 esse
453 2322 561 2400 latas,
584 2323 789 2409 antiquatam
811 2322 923 2407 paullo
944 2334 1041 2408 post,
1065 2345 1119 2390 sa-

108 2441 154 2505 tis
175 2437 386 2520 constat¹⁸⁶).
429 2438 561 2504 indicia
587 2441 716 2525 equites
744 2441 971 2517 retinuerunt3
997 2441 1121 2505 invidia

109 2568 223 2622 antem
244 2557 351 2622 omnis
376 2566 411 2621 et
441 2555 551 2641 legum
576 2559 784 2643 agrariorum
814 2557 1119 2624 frumentariurum-

109 2693 198 2759 que,
219 2692 286 2759 qua
307 2673 437 2758 plebem
460 2672 687 2755 sollicitatam,
706 2686 739 2740 et
759 2674 839 2741 belli
860 2676 1008 2756 socialis,
1030 2678 1120 2762 quod

111 2798 251 2854 senatus
280 2803 385 2873 opera
414 2789 617 2854 concitatum
638 2810 734 2869 esse,
767 2788 952 2874 populares
974 2789 1121 2856 clamita·

110 2907 208 2989 bunt,
227 2906 262 2970 in
278 2903 482 2970 nobilitatem
503 2925 607 2971 versa
638 2917 700 2971 est.
742 2907 860 2991 Neque
888 2918 999 2972 tamen
1021 2927 1121 2972 senu-

84 3085 87 3092 ¹
112 3081 322 3096 ...effluunt-nn·-

218 3198 286 3280 134)
327 3194 388 3266 cfr.
406 3203 473 3266 Liv.
494 3206 567 3286 epit.
591 3204 637 3269 70.
655 3204 701 3269 71.

161 3290 164 3295 ’
219 3291 286 3369 135)
326 3296 399 3376 epit.
419 3294 473 3355 71:
501 3295 635 3358 Pertulit
652 3301 686 3357 ut
706 3315 805 3374 aeque
826 3305 915 3378 parte
930 3295 1049 3380 judicia
1067 3318 1120 3381 pe·

112 3407 170 3450 nes
197 3390 337 3447 senatum
365 3392 397 3447 et
421 3393 596 3463 equestrem
626 3387 764 3449 ordinem
786 3396 903 3452 essent.
944 3391 1055 3470 Vellej.
1080 3390 1120 3462 ll,

114 3478 160 3549 13,
182 3478 219 3537 2:
243 3476 449 3538 Senatusnou
469 3476 627 3547 intellexit,
648 3480 676 3538 si
697 3497 756 3556 qua
779 3480 816 3540 de
830 3482 932 3559 plebis
953 3481 1121 3544 commodis

112 3571 150 3631 ab
174 3589 213 3630 eo
233 3573 413 3646 agerentur,
435 3587 473 3628 ea
492 3567 585 3628 veluti
608 3569 794 3631 inescandae
814 3572 1014 3633 multitudinis
1027 3592 1122 3634 ceusu

112 3662 194 3733 lieri,
215 3665 248 3720 ut
270 3659 435 3719 minoribus
454 3663 609 3740 perceptis
627 3660 744 3740 majora
766 3657 964 3741 permitteret.
993 3662 1122 3725 CluAu·

103 3750 167 3810 ‘rel
184 3748 291 3809 Victor
312 3747 340 3809 d.
360 3750 432 3811 viris
452 3745 544 3811 illust.
561 3749 608 3811 66.

219 3837 285 3915 136)
325 3841 413 3902 Geib.
430 3862 459 3920 p.
480 3841 543 3903 199.
865 3917 913 3983 6*
