2466 4576
508 257 717 320 ...7⁰2-

109 452 258 539 Largitio
283 453 370 517 enim
390 470 506 516 nonne
532 449 612 515 nihil
631 470 711 516 esse
725 461 842 536 potest
864 450 929 516 nisi
950 450 1123 535 pecinnae

108 571 270 657 publicae
297 569 419 643 inutilis
453 568 597 634 effusiol
648 569 771 634 Nonne
806 568 996 635 reatina-a
1019 567 1134 656 ltrgi·.
1161 611 1163 615 ,

109 694 234 757 tionem
264 689 480 774 quaereret
505 689 673 766 dicuntur,
695 685 1125 775 qui‘rogationemfoeunt,

110 828 177 895 qna
189 809 322 874 aerario
344 829 442 888 onus,
462 808 672 872 commodum
686 807 807 872 nemini
819 817 971 892 paratur.
1012 805 1124 872 -llaud

110 929 266 1013 exiguum
283 964 287 969 -
302 937 413 991 autern
445 946 533 991 onus
565 925 698 999 aerario
732 924 983 989 reddendorum
1003 900 1124 1010 ·equo-

108 1065 181 1110 rum
194 1042 375 1131 plebiscito
388 1044 579 1128 impositum
592 1058 685 1121 esse,
705 1062 802 1106 nemo
816 1041 965 1127 negabit,
980 1041 1053 1126 qui,
1065 1062 1123 1108 se-

109 1163 345 1228 natnribusex
363 1161 507 1246 equitum
521 1161 681 1226 centuriis
697 1159 857 1240 exclusis,
871 1169 921 1224 tot
931 1178 1026 1225 nova
1041 1180 1123 1226 aera

111 1283 281 1368 equestria
315 1282 537 1366 assignanda·
554 1277 682 1359 luisse,
708 1289 797 1363 *quot
826 1287 1008 1357 senatores
1022 1322 1026 1327 -
1042 1289 1126 1345 tuuc

110 1411 245 1480 essent,
280 1398 557 1465 consideraverit.
610 1398 722 1483 Atque
756 1397 846 1462 hanc
866 1417 947 1463 esse
973 1396 1124 1484 largitio-

109 1537 190 1583 nem·
211 1520 368 1597 arbitror,
395 1537 495 1602 quam
514 1515 635 1582 Cicero
658 1515 851 1602 Scipionem
866 1514 1123 1601 reprebenden—

109 1648 176 1703 tem
202 1634 294 1702 facit.
348 1635 565 1702 Commodum
591 1646 714 1715 autem,
739 1636 832 1721 quod
844 1633 1034 1721 populares
1055 1637 1126 1703 sibi·

111 1757 331 1841 quaerebant,
358 1776 427 1820 non
452 1756 485 1820 in
510 1755 606 1840 equis
631 1753 777 1839 publicis
804 1755 848 1820 ad
869 1772 954 1820 suos
972 1755 1122 1821 mansfe-

109 1877 329 1955 rendis,·sed
353 1876 388 1938 in
414 1874 560 1958 equitum
573 1883 782 1959 senatusque
803 1872 972 1959 suffragiis
994 1874 1125 1962 disjun-

110 1996 229 2079 gendis
254 1994 400 2079 positum
423 2002 512 2068 erat3
535 2010 647 2074 neque
672 1991 741 2058 hoc
755 1991 968 2056 commodum
990 1991 1126 2076 quidem

108 2113 155 2176 ita
181 2132 337 2197 magnum
358 2109 484 2189 fuisse,
511 2129 555 2174 ex
576 2109 635 2188 iis,
659 2128 746 2195 quae
772 2130 880 2195 supra
905 2111 990 2190 dixi,
1004 2130 1124 2197 'appa-

109 2239 172 2294 ret.
226 2229 313 2303 Quin
336 2228 409 2293 fieri
430 2228 550 2313 potuit,
572 2239 609 2291 ut
631 2228 718 2293 iuter
742 2229 927 2313 optimates
942 2229 1043 2314 ipsos
1068 2248 1125 2296 es*

110 2357 200 2426 sent,
228 2348 282 2431 qui
295 2347 394 2431 parvi
416 2345 645 2425 aestimantes,
670 2345 843 2411 utilitatem
865 2342 1125 2433 conjunctorum

112 2465 277 2550 equitatus
302 2475 517 2549 senatusque·
538 2456 798 2549 suffragiorum,
827 2479 955 2548 neque·
970 2464 1125 2530 dubitem·

110 2594 175 2663 tes,
195 2584 276 2668 quin
294 2575 351 2649 vel
372 2581 521 2647 exclusis
546 2583 762 2648 senatoribus
785 2581 1124 2666 equitumc'uutu'riac

110 2699 290 2766 nobilitatis
322 2716 464 2765 causam
496 2710 680 2763 secuturae
707 2694 846 2779 essent,
873 2707 1125 2786 sperantesque

109 2817 277 2899 sanasse,
308 2797 384 2883 sobe
410 2828 448 2883 ut
483 2817 557 2882 suis
579 2817 735 2902 ipsorum
749 2844 752 2849 ⁴
766 2816 843 2887 fitne
870 2819 960 2902 equi
997 2818 1125 2904 publici

108 2935 221 3002 h'nnor
239 2927 481 3022 impertiretur,
506 2933 594 3021 legis
621 2954 786 3001 suasores
818 2930 951 3000 fierent.
974 2950 985 2957 ”
1002 2935 1126 3022 Neque

109 3055 196 3119 euim
221 3054 341 3140 injuria
368 3043 636 3138 Madwigius¹⁰⁶)
659 3051 729 3117 tale
752 3053 829 3136 quid
847 3055 965 3118 inesse
989 3054 1029 3117 iu·
1046 3073 1125 3121 ver,-

108 3174 160 3238 bis
189 3171 363 3238 Ciceronis
391 3172 548 3256 „nimis
574 3171 685 3236 multis·
701 3173 773 3257 jam
795 3164 904 3243 stulta.
922 3170 1014 3238 lianc
1038 3171 1125 3239 utilia

109 3300 210 3354 tatem
231 3289 442 3373 cupientibus
463 3288 568 3368 tolli,“
596 3289 814 3355 contendisse
829 3289 971 3354 videtur,
985 3328 989 3335 ·
1002 3289 1126 3375 Neque

108 3407 261 3494 equidem
289 3408 419 3485 dubito,
453 3407 529 3490 quin
565 3409 595 3471 si
627 3406 714 3479 illius
744 3408 910 3493 plebisciti
943 3419 1041 3473 tanta·
1061 3410 1124 3475 ¹vis

108 3525 422 3610 fuisset,quantan1
449 3523 556 3590 luisse
583 3526 782 3605 existimant,
805 3527 860 3610 qui
886 3547 929 3592 eo
950 3525 1042 3593 haud
1067 3527 1125 3592 mi·

66 3730 72 3741 .
109 3665 173 3735 nus
201 3664 301 3731 quarn
333 3640 481 3739 (iracchi
510 3641 601 3731 lege*
618 3644 804 3741 judiciaria
822 3645 1126 3747 metiundum·

118 3799 367 3910 Tuscu.
391 3835 409 3894 ι.
430 3835 448 3892 ι.
471 3855 499 3910 p.
520 3834 566 3893 st.
