2466 4576
512 265 723 330 ..sp-

114 460 227 517 natum
248 449 452 533 pertineret,
474 450 560 529 inter
575 450 712 535 jndices
735 446 918 532 legeretur,
939 430 1120 535 diliginus·

114 567 198 631 sime
220 576 352 631 cautum
374 565 503 650 estffl).
544 567 713 630 Numerus
735 565 880 649 judicum
898 565 1121 650 quadringcn'⁴

116 692 226 746 torum
263 683 503 766 quinquaginta
532 682 686 747 delinitus
714 690 784 760 est,
810 701 895 767 qnos
923 680 1054 765 legeret
1076 694 1121 757 ‘ep

116 800 247 884 quidem
269 817 375 877 anno,
399 821 464 884 quo
479 799 541 883 vlua
557 801 665 923 jussq
679 810 790 882 esset,
813 794 1120 903 praetori-[peregrl-

114 935 194 994 nus,
216 925 352 999 postea,
373 917 428 1000 qui
449 926 642 1001 praetorum
663 915 752 981 hune
775 912 981 1001 provinciam
1003 916 1119 1003 sortito

114 1033 336 1116 baberetm).
378 1033 490 1118 Equo
513 1055 653 1100 numero
676 1045 710 1098 et
729 1054 792 1119 per
810 1033 994 1099 delatorem
1014 1024 1122 1117 etp&¹
1147 1064 1150 1069 ·

114 1171 208 1214 reum
233 1151 395 1215 ‘centenis
422 1149 538 1226 lectis,
569 1151 699 1235 utrique
729 1151 967 1237 quinquaginta
991 1146 1125 1229 eoruu'r,

115 1269 171 1352 qui
192 1268 412 1333 adversarius
433 1266 591 1350 legisset,
613 1268 785 1353 rejiciendi
806 1269 862 1355 jus
883 1278 985 1333 esset.
1027 1244 1118 1352 Lege

115 1382 258 1448 Servilio
282 1383 413 1467 perlata
436 1395 468 1446 et
490 1384 611 1447 eodem*
626 1393 777 1468 tempore
794 1382 1117 1467 partibuslllariauis

114 1500 146 1561 in
168 1497 342 1583 republica
364 1498 624 1575 dominantibus,
647 1499 756 1563 denno
775 1519 840 1562 non
862 1510 930 1563 tam
952 1499 984 1562 in
1007 1498 1116 1582 singu·

113 1614 166 1678 los
186 1615 308 1679 noxios
329 1615 547 1678 animadverti
577 1634 676 1699 quarn
700 1616 732 1678 iu
754 1615 935 1680 nobilitatis
956 1615 1117 1698 primores

113 1732 238 1795 saeviri
255 1741 418 1814 coeptum
441 1736 511 1809 es't,
542 1732 671 1813 virique
693 1746 846 1798 summae
875 1731 1050 1817 probitatis
1072 1732 1117 1796 in·

112 1848 306 1933 justissimis
340 1848 472 1932 judiciis
505 1848 763 1928 damnabantur,
779 1898 782 1903 .
797 1849 889 1914 velut
915 1849 953 1916 P.
976 1847 1118 1914 Rutilius

112 1963 243 2043 Rufus,
275 1965 379 2032 Mucii
413 1964 620 2045 Scaevolae,
660 1967 715 2051 qui
747 1966 863 2031 Asiam
887 1975 1118 2051 propraetore

996 299 1164 357 ᾖ..

1159 396 1164 511 l

114 2079 258 2143 maxima
277 2099 351 2151 cum
365 2079 556 2162 integritate
571 2079 873 2161 administraverat,
888 2082 1040 2167 legatus,
1054 2103 1117 2168 quo
1151 2087 1164 2139 ’.

113 2198 271 2262 damnato
291 2217 389 2261 nemo
413 2208 478 2262 taur
498 2198 662 2263 innocens
683 2200 777 2264 visus
799 2210 865 2279 est,
884 2210 920 2264 ut
939 2221 1008 2264 non
1029 2201 1119 2265 time·
1153 2226 1156 2234 ·

113 2329 165 2379 ret
177 2313 386 2399 judiciam).
433 2315 509 2388 Quo
536 2328 687 2400 tempore
713 2336 826 2402 quarm
839 2315 971 2382 metae
995 2315 1119 2384 suerint

113 2433 318 2516 optimatium
339 2453 438 2516 opes,
461 2435 639 2519 quantique
659 2453 775 2500 eorum
792 2433 998 2513 interfuerit,
1021 2442 1056 2500 ut
1065 2435 1118 2521 ju·

112 2549 200 2612 dicia
222 2561 482 2634 recuperarent,
509 2570 553 2614 ex
574 2552 614 2616 iis
631 2562 787 2636 apparet,
808 2571 896 2637 quae
913 2548 959 2616 'de
971 2549 1050 2637 lege
1063 2551 1119 2636 jn·

113 2666 251 2730 diciaria
282 2667 327 2731 M.
353 2668 438 2732 Livii
460 2667 581 2747 Drusi,
623 2688 712 2735 anno
745 2670 838 2736 urbis
871 2670 1118 2749 sexcwmsirno

113 2785 324 2868 sexagesimo
344 2786 444 2849 tertio
463 2785 548 2864 latu,
571 2787 962 2877 memoriaetraduutur,
999 2787 1119 2874 Neque

112 2901 199 2966 enim
220 2901 329 2966 solum
351 2902 427 2984 ipsa
444 2901 621 2984 rogatione
639 2903 794 2986 partibus
804 2901 1025 2988 popularibus
1039 2902 1119 2968 r'uul-
1161 2906 1164 2935 ¹

111 3030 179 3085 tum
203 3038 403 3085 concessum
425 3030 493 3099 est,
517 3019 588 3085 tulit
611 3021 697 3085 enim
717 3020 845 3100 Livius,
865 3032 903 3086 ut
920 3021 965 3084 ad
987 3024 1119 3087 trecen·

111 3147 165 3201 tos
191 3146 388 3216 senatores,
418 3137 462 3199 ad
485 3157 582 3223 quem
610 3157 780 3202 numerum
804 3137 944 3203 senatus
967 3136 1120 3202 civilibus

112 3253 289 3318 discordiis
312 3253 472 3317 redactus
494 3262 585 3329 erat,
610 3254 750 3317 trecenti
778 3273 817 3317 ex
851 3251 1016 3337 equitibus
1044 3251 1121 3318 lecti

110 3371 314 3435 adderentur
338 3369 438 3454 hique
460 3388 526 3433 uua
543 3370 757 3455 judicarent,
780 3371 843 3436 scd
864 3370 964 3443 etiam
985 3369 1119 3453 plebem

114 3501 322 3512 m

213 3570 282 3645 131)
322 3570 601 3650 Fragmenta-legis
613 3571 724 3634 Servii.
744 3571 982 3654 repetundarum
992 3568 1119 3650 conjun·

107 3664 159 3732 xit,
178 3666 322 3732 restituit,
337 3663 500 3725 illustravit
516 3663 635 3727 Klenze
646 3664 747 3727 Berol.
768 3664 853 3728 tam.
866 3666 918 3725 cir,
940 3684 969 3743 p.
991 3660 1038 3726 27.
1051 3680 1118 3742 sqq.

112 3767 116 3771 ·
212 3755 280 3831 132)
319 3755 379 3817 Csr.
399 3756 438 3816 id.
456 3778 486 3836 p.
508 3756 553 3816 lb.
574 3777 603 3838 p.
624 3756 670 3818 28.
691 3778 720 3838 p.
742 3757 790 3818 33.
812 3777 879 3837 sqq.
1022 3758 1028 3767 '

212 3845 278 3921 133)
317 3846 380 3908 Cic.
400 3866 457 3928 pro
477 3847 593 3909 Scauro
614 3848 749 3927 agna

1160 2990 1164 3039 l
