2466 4576
513 272 723 336 ..46-

118 465 207 533 tuto,
232 456 383 541 quumvis
411 455 456 520 ud
478 465 609 522 sextum
630 468 760 540 purtem
783 455 941 520 minutum
963 455 1011 521 sit
1034 452 1124 523 usn

116 574 259 657 pondus,
281 585 392 637 tumen
416 571 538 637 revere
554 581 674 637 suetus
696 591 776 637 esse
792 590 940 637 summus
960 573 1123 639 emtione

117 711 329 755 numerorum
341 688 376 753 3:
386 689 417 753 5.
439 688 551 774 Magis
570 699 698 767 eutem,
720 689 754 752 id
777 690 867 775 quod
885 690 940 774 qui
963 700 1121 755 cresten-

116 809 195 873 tium
227 807 412 872 divitiarum
442 816 568 872 tantum
604 807 766 872 rationem
797 807 936 884 habeut,
971 806 1122 879 fortusse

116 923 324 1008 suspicetur,
345 942 411 987 non
432 933 550 1006 austes
573 943 652 989 esse
673 933 814 1006 propter
834 923 882 989 rei
904 923 1121 991 militarior-n»

114 1044 255 1120 tionem,
290 1063 334 1106 ne
369 1040 465 1106 nimis
496 1041 586 1106 multi
615 1060 636 1104 u
667 1042 763 1126 gravi
790 1051 961 1106 ormoturu
989 1043 1120 1127 primae
1148 1059 1150 1064 ·

115 1160 238 1227 elassis
256 1159 529 1228 excluderentur.
573 1159 764 1225 Seeuudern
783 1159 873 1225 hune
887 1161 1120 1249 rationemig‘i

115 1278 361 1344 turServiunis
385 1277 592 1361 temporibus
622 1297 683 1342 aes
708 1288 867 1369 equestre
888 1279 1032 1344 duorum
1052 1278 1119 1344 mii·

114 1397 210 1478 lium,
231 1417 292 1462 ues
311 1396 525 1462 hordearium
547 1397 862 1481 quadringentorum
883 1399 1010 1463 assium
1035 1409 1119 1468 eru.

114 1516 233 1600 Neque
255 1524 366 1577 tamen
385 1513 702 1596 praetermittendus
719 1525 772 1578 est
784 1513 880 1579 iocus
890 1515 1057 1584 Varronis
1079 1519 1119 1583 de

113 1630 189 1716 ling.
209 1630 350 1708 tuuvlt,
370 1628 423 1707 38,
445 1631 501 1694 ubi
517 1628 604 1695 haee
615 1630 787 1714 leguntur:
809 1631 1021 1714 „Quaerunt⁹
1035 1635 1120 1700 sisit

114 1750 279 1835 analogia,
288 1750 486 1814 curdioutur
498 1747 587 1814 mille
598 1750 769 1815 denarium
779 1770 847 1815 uon
857 1751 948 1816 mille
961 1753 1117 1817 denario-

113 1869 209 1935 rum?
229 1869 292 1932 Est
309 1870 395 1934 enirn
417 1869 485 1933 hoe
505 1866 705 1932 vocabulum
724 1867 889 1952 configura,
902 1879 940 1933 ut
949 1868 1117 1950 Vatinius,

112 1985 271 2066 Manlius,
282 1985 454 2059 denarius3
467 1984 567 2048 debet
576 1984 675 2066 igitur
685 1982 1119 2065 dioiutVatiniorum,Men·

112 2102 230 2166 iiorum
241 2101 335 2184 (sio),
346 2100 560 2175 denariorum
573 2110 608 2164 et
627 2120 692 2163 non
712 2102 1013 2185 equum‘pubiiuuru
1030 2103 1119 2170 mille

112 2219 276 2283 usserium
299 2237 389 2295 esse,
412 2219 474 2283 sed
503 2216 593 2281 milio
617 2217 841 2294 assariorum
871 2221 915 2284 ub
937 2241 1004 2286 uno
1022 2223 1118 2287 enim

112 2335 243 2401 usserio
265 2334 356 2398 multi
377 2335 516 2409 ussurii;
537 2334 579 2412 ob
602 2353 642 2398 eo
666 2323 903 2400 assariorums“
937 2338 1004 2412 Qui
1018 2336 1119 2404 loeus

112 2456 213 2520 variis
239 2453 347 2517 modis
371 2473 394 2516 a
418 2453 499 2518 viris
529 2453 648 2518 doctis:
666 2452 855 2538 explicatus
876 2466 940 2519 est.
984 2453 1117 2520 nosen

109 2573 202 2651 iuius,
223 2573 255 2635 in
267 2570 476 2639 ,universum
491 2591 567 2636 eum
584 2569 738 2636 Walter-o
761 2572 1117 2653 consendens⁶⁶>‚,'an-

110 2687 186 2752 uuis
208 2685 428 2750 solutionibus
454 2705 514 2750 aes
540 2696 698 2770 equestre
727 2688 838 2752 daturo
866 2708 947 2755 esse
976 2688 1117 2754 arbitro.

110 2816 178 2883 tor,
201 2814 245 2881 et,
266 2824 364 2888 quum
378 2803 539 2868 deeemsti
551 2803 676 2886 pendia
688 2805 790 2887 equiti
807 2805 966 2871 facienda
978 2805 1116 2887 fuerint,

107 2919 246 3006 siugulis
269 2918 444 3002 stipendiis
466 2929 576 2983 autem
596 2917 716 3003 singuli
749 2920 825 3005 equi
846 2924 1014 2988 tribuendi
1036 2925 1114 3000 siut,

109 3048 203 3104 reete
232 3038 296 3102 diei
329 3035 416 3101 mille
443 3037 568 3102 assium
594 3057 712 3122 equum
735 3038 903 3121 pubiicum
926 3040 1013 3106 esse·
1031 3062 1115 3106 uon-

108 3156 223 3220 teudit.
267 3155 395 3219 Verum
419 3165 453 3219 et
479 3174 610 3219 annuae
636 3152 713 3220 iiiue
741 3154 932 3223 solutiones
948 3180 1113 3246 nusquuro

109 3281 421 3349 commemorantur,
433 3281 466 3334 et
486 3289 605 3354 equum
628 3290 694 3335 non
711 3270 787 3354 plus
801 3293 898 3336 unum
911 3275 1113 3359 stipendium

106 3388 307 3456 toleravisse
325 3387 414 3453 nulio
438 3389 536 3452 modo
568 3389 660 3452 oredi
689 3401 811 3473 potest.
855 3392 1112 3474 Boeokhiusun

107 3507 127 3572 l.
149 3530 181 3592 p.
200 3505 289 3584 428),
311 3525 407 3590 quem
429 3491 568 3569 secutus
591 3517 644 3569 est
664 3505 920 3591 Murquaudtus»,
943 3514 1054 3577 verbu·
1068 3510 1110 3576 ed

106 3646 167 3689 ees
188 3624 403 3688 hordeariunr
425 3621 602 3686 referenda
628 3644 707 3687 esse
730 3638 865 3702 censet,
895 3628 992 3712 eujus
1019 3629 1110 3694 dimi·

111 3785 123 3797 1-
131 3789 178 3795 --um
187 3789 230 3795 ων..
237 3788 296 3796 ει--φ

207 3875 257 3951 66)
280 3875 315 3935 Η.
335 3895 355 3955 p
387 3872 452 3934 368.
474 3874 523 3933 W.
541 3872 708 3935 Riimisehe
731 3875 955 3956 Rechtsgeseh.
977 3880 1096 3960 pulte.
