2466 4576
460 274 662 339 ..01-

55 474 283 541 centuriarum
298 486 458 533 numerus
478 469 523 533 sd
544 479 769 533 trecentorum
788 470 967 554 sexaginta
980 484 1061 541 octo

55 610 219 659 summam
249 597 372 653 nuens
404 596 476 665 est,
502 584 581 651 mihi
611 588 790 670 probatam
821 606 920 667 cose,
951 590 1064 657 dicero

55 709 136 777 satis
167 706 323 771 habebo.
375 702 486 769 Aucto
517 713 628 767 autem
652 702 684 766 in
708 700 798 767 hunc
824 706 958 771 modum
983 728 1063 775 oen-

54 827 218 893 turiarum
243 840 382 887 numero
406 830 441 883 et
467 820 602 903 dempto
630 818 754 883 ceteris
778 822 936 887 centcriis
962 845 1063 909 proc·

55 945 158 1011 candi
179 944 215 1007 in
230 939 372 1005 comitiis
379 939 479 1024 jure,
499 938 656 1001 minutam
673 956 753 1001 esse
774 940 918 1023 equitum
945 942 978 1005 in
1004 964 1063 1009 co-

54 1064 152 1129 mitiis
179 1066 400 1145 potestatem,
424 1072 523 1118 nemo
544 1074 614 1117 non
639 1053 741 1119 videt.

156 1176 332 1259 Equorum
366 1170 575 1256 publicorum
612 1191 713 1255 quum
751 1182 866 1239 cernis
905 1194 1064 1245 numenio

56 1296 216 1363 definitos
238 1302 349 1370 meet,
373 1288 449 1353 fieri
473 1309 541 1353 non
567 1288 687 1373 potuit,
710 1290 789 1372 quin
814 1289 906 1355 molti
927 1312 1066 1361 censum

55 1423 254 1499 equestrem
274 1408 450 1484 heberent,
474 1407 594 1489 quibus
622 1407 698 1489 equi
717 1406 843 1490 publici
863 1430 933 1473 non
946 1426 1065 1480 essent

55 1528 239 1616 adsignati.
297 1525 364 1599 Qui
402 1544 522 1608 quum,
561 1530 799 1609 praeterquam
837 1529 929 1610 quod
967 1531 1065 1614 equis

56 1648 199 1736 privatis
222 1645 415 1721 merebant,
440 1639 534 1705 nullo
547 1642 635 1727 juris
662 1662 706 1705 sc
731 1653 841 1709 status
854 1650 1065 1728 praestantia

55 1770 89 1831 in
124 1764 256 1829 modum
285 1760 410 1825 ordinis
437 1759 523 1823 inter
545 1778 585 1823 se
612 1760 782 1844 conjuncti
814 1774 950 1842 essent,
983 1785 1064 1829 eon·

52 1884 167 1975 jrrnxit
191 1892 301 1945 nmen
327 1898 389 1943 eos
421 1876 606 1943 divitiorum
632 1877 911 1961 negotiorumque
938 1900 1064 1965 aequa·

54 2002 145 2069 aas.
186 1999 310 2073 -Quum
331 1996 418 2061 enim
454 2015 528 2059 mos
563 2006 658 2060 esset
682 1996 865 2078 Romanis,
889 2010 926 2063 ot
960 2003 1064 2066 vecti-

58 2116 149 2207 galia
177 2126 215 2179 et
233 2113 445 2179 nltnotiibuta
468 2110 642 2191 locarent,
673 2113 816 2198 prolatis
841 2116 970 2202 imperii
991 2119 1064 2184 fini-

40 2222 122 2307 'ims
141 2236 322 2318 accisque
345 2234 380 2297 in
400 2252 438 2297 re
464 2231 600 2316 publica
622 2234 883 2301 adrninistrenda
905 2239 1065 2323 impensio

57 2355 300 2442 vectigalium
324 2351 534 2417 clirotfibuta
553 2371 630 2415 eum
646 2352 680 2413 in
702 2354 834 2417 modum
860 2366 960 2419 sucta
975 2369 1065 2437 sunt,

56 2486 94 2539 nt
113 2474 137 2539 ii
154 2482 298 2551 tanum,
317 2469 378 2553 :qui
404 2468 521 2534 divitiis
537 2466 718 2551 pollerent,
743 2470 787 2532 cd
810 2490 852 2534 ea
870 2473 1066 2539 redimenda

56 2591 226 2657 acccdeoe
245 2599 418 2673 possent3
451 2595 552 2668 atque
581 2596 763 2651 senatores
788 2598 822 2651 et
850 2591 1067 2674 magistratus

57 2729 158 2793 quum
184 2708 229 2771 ab
247 2703 348 2769 omni
371 2710 514 2786 quaestu
539 2701 671 2786 legibus
698 2703 854 2786 prohibiti
876 2701 1066 2801 essentffi),

56 2827 89 2889 in
110 2824 265 2891 omnibus
290 2821 454 2908 ejusmodi
479 2820 621 2904 negotiis
640 2820 662 2882 ii
681 2822 822 2885 maxime
847 2838 1066 2891 versarentur

57 2960 205 3007 necesse
233 2949 324 3018 erat,
347 2937 403 3022 qui
424 2955 563 3001 censum
585 2947 777 3018 equestrem
802 2938 985 3017 haberent3
1008 2944 1065 3026 qni

57 3078 123 3143 ouo
143 3058 279 3144 majore
306 3075 382 3121 cum
403 3053 578 3117 commodo
604 3072 710 3138 ogere
729 3066 891 3139 possent,
916 3059 1064 3125 societa-

57 3186 109 3243 tes
141 3175 227 3239 inire
258 3172 435 3239 solebant·
478 3171 575 3244 Quae
607 3172 856 3257 redemptorum
880 3177 1066 3245 societates

60 3304 201 3376 quantas
235 3312 315 3355 mox
344 3290 436 3355 vires
470 3299 505 3351 et
531 3289 764 3353 auctoritatem
797 3310 897 3374 quum
933 3288 1065 3363 Romae

58 3419 128 3473 tom
150 3409 184 3473 in
203 3406 389 3493 provinciis
416 3415 538 3470 noctae
566 3406 650 3486 sint,
683 3408 835 3472 omnibns
860 3421 975 3475 notum
1001 3426 1065 3479 est.

157 3525 259 3599 erae
271 3533 385 3593 eutem
396 3522 481 3591 ratio
496 3520 684 3605 publicanis
698 3544 774 3587 cnm
788 3525 953 3607 equitibus
976 3547 1066 3611 equo

55 3639 203 3727 pubica-
220 3639 474 3717 intercesserit,
501 3646 535 3701 et
567 3637 630 3701 utri
663 3639 710 3701 in·
731 3659 770 3703 re
798 3641 937 3726 publica
966 3644 1066 3726 parti,

55 3790 259 3805 ——vn

156 3862 211 3936 (ὅ)
231 3861 298 3927 laiv.
318 3859 406 3941 XXI,
427 3860 477 3931 63.
499 3860 571 3929 Cion·
586 3861 736 3931 Vernli,
755 3859 784 3933 3,
803 3861 849 3925 57.
927 3894 930 3899 ·
