2466 4576
464 269 671 336 ..31-

52 458 242 542 duplicavit
275 468 452 544 postquam
481 456 568 523 bello
593 454 731 538 subegit
755 453 948 539 Aequorum
976 471 1070 537 mug-

54 597 137 643 narn
155 579 326 662 gentemf‘
368 577 434 651 Qui
455 576 553 641 locus
574 575 620 638 itu
633 572 866 639 conformatus
890 581 957 650 cst,
978 581 1015 635 ut
1033 572 1068 637 in

53 715 192 783 quoquo
213 695 288 762 fere
308 694 411 760 totius
432 693 566 778 periodi·
584 687 940 757 commatedifiicultas
957 688 1069 775 aliqua

54 821 226 878 occurrat.
282 802 435 877 Omnium
469 820 580 875 tumen
606 807 781 892 plurimum
811 807 1007 873 offensionis
1034 809 1067 873 in

54 930 173 996 verbis
187 927 309 996 ultimis
318 929 424 994 ineste
445 945 707 1012 „numerumque
719 925 924 1010 duplicarir‘
938 937 972 991 et
982 946 1069 1012 quaa

55 1059 260 1135 sequunturr
286 1049 406 1134 quibus
428 1046 552 1124 verbis,
578 1065 621 1109 ex
643 1043 820 1110 Ciceronis
837 1044 973 1129 quidem
994 1065 1069 1110 sen-

56 1167 165 1232 tentia
185 1165 237 1231 bis
248 1164 460 1251 Tarquinium
473 1163 620 1249 equitum
641 1160 870 1246 duplicavisse
883 1183 1071 1243 numerum,

57 1302 240 1369 apparere,
263 1283 331 1368 jam
350 1283 516 1347 neminem
538 1300 618 1345 esse
638 1289 731 1364 puto,
752 1280 806 1365 qui
829 1291 942 1363 negot.
984 1281 1070 1346 Nem

58 1400 234 1466 Niebohrii
255 1412 289 1466 et
310 1400 471 1466 Oreuaeri
492 1399 673 1477 sententia,
696 1397 751 1483 qui
772 1397 859 1463 haao
879 1401 985 1465 verba
1007 1420 1069 1484 pro

59 1519 357 1604 interpretamento
380 1517 494 1582 addita
522 1537 602 1586 esse
621 1527 841 1595 censuerunt,
875 1519 917 1583 ab
939 1516 1071 1584 Husch-

59 1637 119 1704 kio
141 1637 226 1703 satis
248 1636 368 1702 validis
390 1636 596 1721 argumentis
626 1633 772 1699 refutata
798 1640 917 1714 est⁴⁶).
961 1636 1072 1710 Quum

60 1766 173 1820 autem
195 1755 299 1819 ceteri
322 1775 439 1819 omnes
461 1773 612 1819 errorem
638 1773 735 1846 quem
759 1752 873 1817 dicunt
897 1728 1104 1938 Cice?

60 1873 173 1959 aliquo
206 1873 308 1938 modo
339 1873 513 1957 explicare
547 1871 720 1949 studeant,
752 1869 946 1937 Huschkius
976 1894 994 1938 s
1031 1866 1070 1939 its
1204 1882 1207 1887 '

60 1995 103 2077 (p.
126 1990 215 2074 aa),
228 1991 311 2076 ejus
331 1991 563 2058 auctoritatem
588 1999 779 2055 ceterorum
800 1994 1072 2076 anteponendam

61 2106 1071 2196 osscrutus‚veraeumretulisseco'ndendit,locoquelaudato

61 2247 123 2312 pro
130 2226 595 2312 locupletissimotestimonio
608 2227 654 2290 uti
665 2247 769 2293 ausus
783 2238 846 2303 est,
858 2250 936 2314 quo,
947 2243 1072 2316 quauta

63 2343 301 2412 confiuositote
316 2353 416 2429 atque
431 2344 622 2410 constantia
635 2363 774 2409 romano
791 2346 985 2430 respublica
1001 2340 1072 2415 cre·

62 2461 161 2540 verit,
174 2459 363 2527 clarissime
374 2471 549 2546 appareat.
577 2459 663 2527 Rem
680 2463 767 2526 enim
784 2462 830 2526 ita
841 2484 920 2528 sese
935 2464 1072 2532 habere.

10 2554 13 2577 ¹
62 2575 246 2662 Postquam
265 2579 419 2643 Luceres
440 2589 579 2644 senatus
595 2579 780 2663 participes
801 2579 883 2646 sacti
906 2593 940 2647 et
961 2603 1005 2648 ex
1015 2584 1073 2650 Al·

62 2695 162 2760 banis
184 2714 206 2759 a
228 2694 324 2762 'l'uiio
346 2695 490 2761 Hostilio
509 2699 656 2782 receptis
683 2700 891 2782 posteriores
913 2701 1073 2783 Ramnes,

63 2812 511 2898 Tiausa.12uceres¹scripti
541 2817 625 2895 sint,
655 2816 686 2879 in
715 2836 829 2881 eorum
858 2816 968 2882 iocum
989 2819 1074 2888 aiios

63 2930 260 2999 succedere·
275 2933 480 3017 oportuisse.
523 2932 617 2998 Sicut
649 2932 837 2998 Luceribus
865 2935 996 3019 plebem
1029 2939 1072 3003 ab

62 3049 162 3115 Anco
189 3061 380 3136 receptam,
416 3051 463 3115 ita
488 3049 627 3116 Albanis
657 3051 873 3117 successisse
899 3051 1031 3120 Tuscos
1052 3072 1074 3119 a

65 3168 189 3233 Servio
212 3166 318 3233 'l'oilio
341 3168 483 3233 Romam
507 3168 644 3254 doctos,
672 3189 812 3254 quorum
840 3190 905 3253 ope
934 3168 1073 3258 Tarquii

65 3283 288 3372 ninsAequos
311 3285 481 3353 devicerit.
507 3284 689 3373 Hosigitor
701 3287 901 3370 municipum
919 3286 994 3353 loco
1010 3309 1074 3355 sex

60 3401 235 3469 veteribus
244 3403 365 3469 civium
371 3402 525 3488 partibus
534 3425 598 3488 pro
615 3404 825 3490 alterapurte
837 3404 970 3473 additos
983 3428 1074 3493 esse,

62 3527 98 3584 et
117 3517 169 3584 ita
187 3519 335 3605 quidem
353 3530 393 3586 ut
412 3521 446 3586 iu
468 3520 575 3588 tribus
598 3534 632 3587 et
647 3522 761 3600 curias
779 3523 1074 3592 nondiscribereu-

38 3659 41 3668 ’
64 3645 128 3717 tur,
143 3634 281 3704 miiitiae
293 3648 327 3704 ct
343 3639 511 3725 equestris
524 3648 558 3706 et
565 3637 734 3724 pedestris
744 3661 830 3708 onus
847 3644 1073 3729 susciperent.

66 3816 294 3849 auu—n--o'

163 3903 234 3979 an·
255 3904 347 3967 oea
368 3905 398 3968 a.
420 3905 507 3968 serv.
528 3926 560 3986 ρ.
579 3907 626 3967 aa.
791 3909 792 3913 ‘
