2466 4576
463 285 674 350 ...33-

55 475 186 540 diserte
209 481 369 549 testatur,
408 472 450 536 de
479 491 545 556 quo
572 472 649 536 loco
676 469 765 537 iufra
792 471 929 536 uberius
959 471 1070 556 dispu-

54 591 193 656 tandum
222 588 293 653 crit.
335 587 391 651 Ad
417 585 593 652 Ciceronis
623 586 766 673 denique
799 585 927 667 locum,
958 587 1071 673 capite

60 709 103 772 Ἠ
127 709 183 794 qui
203 707 339 791 legitur,
367 705 458 789 quod
479 706 616 783 attinet,
641 706 674 769 in
697 725 739 771 eo
762 706 970 772 restituendo
991 703 1072 771 nihil

61 821 260 888 lluscbkins
282 820 521 886 demonstravit
549 821 613 886 nisi
647 822 680 884 in
707 831 801 885 tanta
829 820 950 886 lacuna
970 841 1072 907 qnae·

55 958 190 1025 cunque
215 936 268 1002 vel
286 936 547 1022 perversissima
574 935 744 1001 inserendi
766 937 987 1003 occasionem
1015 937 1072 1001 ob·

59 1058 165 1124 latam
188 1074 279 1122 esse.

162 1171 240 1238 Alio
259 1170 357 1236 modo
378 1169 551 1253 Zumptius
572 1190 643 1235 rem
666 1169 884 1257 explicatu).
929 1171 1073 1236 Primum

57 1290 230 1356 everbist
253 1286 466 1373 „Equitatum
489 1287 533 1350 ad
553 1285 643 1351 hunc
656 1306 784 1352 morem
808 1286 990 1366 constituit,
1016 1289 1072 1373 qni

59 1425 170 1492 usque
199 1403 309 1470 adhuc
345 1413 398 1469 est
430 1405 633 1469 rententus“
654 1401 796 1490 colligit,
825 1423 869 1468 ex
898 1402 1073 1477 Ciceronis

60 1523 229 1589 sententia
252 1542 273 1585 e
293 1520 474 1607 Tarquinio
491 1521 563 1605 jam
592 1542 756 1587 summum
777 1521 945 1608 equitatus
961 1542 1074 1588 nume·

59 1662 135 1705 rum
158 1637 380 1725 completum,
402 1657 423 1701 a
445 1637 566 1704 Servio
589 1637 670 1702 nihil
691 1639 771 1704 novi
792 1639 976 1705 institutum
995 1660 1074 1706 esse

58 1756 125 1821 nisi
145 1757 179 1819 in
201 1752 427 1839 duodeviginti
457 1754 628 1818 centurias
652 1753 915 1820 distributionem
939 1766 974 1820 et
983 1766 1076 1938 p
1189 1828 1204 1857 ἦ

59 1895 147 1941 snm.
185 1872 220 1937 ln
244 1872 436 1937 universum
457 1882 567 1936 autem
581 1869 780 1936 Ciceronem
802 1873 835 1936 in
852 1883 923 1938 tota
943 1893 982 1939 ra
1008 1868 1074 1938 otle

57 1992 263 2058 instituenda
284 1988 364 2053 nihil
386 1999 540 2054 secutum
561 2008 655 2067 esse,
675 1989 740 2054 nisi
762 2001 798 2054 ut
820 1993 966 2076 equitnm
988 2010 1074 2057 sum·

59 2131 164 2188 mam,
187 2117 345 2195 quantam
366 2107 608 2191 posterioribus
634 2108 846 2192 temporibus
867 2107 974 2176 fnisse
997 2130 1075 2175 con·

59 2234 181 2302 staret,
207 2223 320 2307 aliquo
340 2221 440 2286 modo
459 2220 616 2288 efficeret.
661 2222 758 2287 Hanc
781 2244 943 2290 summam
964 2235 1076 2290 autem

60 2344 171 2410 luisse
200 2340 299 2405 trium
328 2337 461 2403 millium
496 2347 731 2403 sexcentorum
763 2340 898 2423 (Servii
924 2353 1076 2426 tempore

62 2458 171 2526 luisse
193 2456 389 2539 minorem);
421 2455 563 2520 candem
593 2454 679 2520 enim
700 2456 829 2521 Livium
851 2456 1012 2523 exhibere
1030 2457 1077 2523 le·

63 2578 176 2645 ctione
198 2593 280 2639 vera
303 2571 415 2653 „mille
438 2582 472 2635 et
494 2571 658 2636 ducenti“
680 2571 843 2638 restituta.
882 2573 1079 2641 Mutandum

62 2697 165 2782 igitur
218 2692 306 2776 apud
348 2689 546 2755 Ciceronem
583 2708 661 2755 ease
692 2709 735 2774 oo
763 2711 837 2752 socc
869 2689 904 2753 in
935 2710 969 2755 oo
994 2708 1079 2771 ccco,

63 2812 155 2900 quod
185 2830 227 2875 eo
253 2808 381 2893 majore
412 2827 489 2871 oum
507 2806 582 2891 jure
613 2805 686 2870 fieri
711 2806 836 2889 possit,
863 2808 954 2892 quod
978 2808 1079 2893 parti·

64 2930 141 2995 cula
162 2932 264 3006 „ao“
283 2945 344 3008 pro
367 2934 434 3002 „et
443 2929 465 2962 ‘⁶
492 2922 649 2986 inusitate
678 2921 790 3005 posita
811 2921 946 2987 multum
969 2925 1080 3007 suspi-

63 3046 174 3117 cionis
203 3043 337 3108 habeat.
381 3041 457 3115 Qua
487 3038 618 3104 ratione
650 3037 771 3103 Cicero
801 3038 931 3123 equitas
959 3046 1080 3123 postea

64 3165 99 3228 in
128 3156 356 3242 duodeviginti
385 3154 555 3220 centurias
585 3152 781 3218 distributas
810 3132 888 3219 esse
917 3155 1081 3221 existima·

66 3276 172 3355 verit,
196 3293 264 3339 non
287 3270 419 3357 quidem
439 3287 625 3353 apparere3
653 3287 730 3332 uam
758 3268 787 3332 si
815 3268 946 3351 priores
973 3281 1007 3334 et
1027 3288 1080 3337 se·

65 3393 198 3460 cundae
218 3401 336 3476 partes
358 3386 555 3464 Ramnium‚
577 3384 711 3463 Titium,
741 3384 911 3450 Lucerum
933 3386 1022 3453 mille
1048 3398 1082 3452 et

67 3512 284 3594 octingentos
313 3505 444 3591 equites
476 3502 736 3580 continuissent,
768 3514 905 3567 ceteros
932 3503 1021 3568 mille
1049 3515 1082 3569 et

68 3631 284 3714 octingentos
324 3623 356 3687 in
405 3619 581 3685 duodecim
624 3621 793 3684 centurias
834 3620 1082 3685 distribuendos

66 3745 196 3822 fuisse,
228 3758 294 3826 quo
316 3736 448 3801 dimidio
477 3738 622 3800 minores
643 3735 717 3815 {hae
739 3735 911 3798 centuriae
937 3734 1000 3800 illis
1023 3735 1080 3802 lie·

64 3872 277 3888 ——-—-—

179 3918 581 4001 mimmmm

873 4016 896 4080 '3
