2466 4576
464 280 674 347 ..37-

71 442 259 513 Corinthios
280 448 380 513 video
404 447 545 531 publicis
567 449 663 535 equis
686 448 903 533 adsignandis
926 461 959 515 et
980 452 1069 517 alen·

64 562 110 627 dis
138 564 297 627 orborum
325 575 359 629 et
393 565 566 631 viduarum
600 565 731 631 tributis
769 568 936 651 quondam
964 567 1069 636 fuisse

61 678 245 764 diligentes.
293 681 365 746 Nec
397 683 504 766 potuit
533 681 725 748 Titiensium
764 694 797 745 et
829 683 1067 751 Ramnensium

59 797 270 863 etLucerom
294 808 422 863 mutare
446 820 545 885 quum
568 811 710 884 cuperet
731 800 876 881 nomina,
896 803 987 888 quod
1011 823 1067 870 au·

59 925 134 981 ctor
154 918 185 981 ei
209 937 338 981 summa
360 936 467 1001 augur
487 917 594 1002 gloria
616 919 717 984 Attus
737 919 864 985 Navius
887 942 955 986 non
979 933 1067 1000 erat;

57 1035 122 1099 sed
141 1045 252 1098 tamen
274 1035 442 1118 prioribus
471 1036 617 1120 equitum
645 1037 796 1120 partibus
821 1038 981 1105 secundis
1008 1040 1067 1105 ad-

57 1153 136 1217 ditis
157 1173 329 1218 numerum
353 1151 546 1237 duplicavit,
569 1174 611 1219 ac
624 1154 669 1239 ⁶¹)
692 1153 779 1219 mille
802 1155 965 1222 ducentos
986 1157 1068 1224 fecit

57 1271 202 1356 equites,
226 1282 404 1355 postquam
426 1268 513 1335 bello
537 1269 693 1355 subegit“
717 1281 781 1335 etc.
811 1271 923 1357 Atque
942 1273 975 1337 in
991 1294 1068 1339 ver·

57 1388 111 1454 bis
136 1388 398 1472 transponendis
433 1387 607 1452 audaciam
632 1397 743 1452 textus
775 1387 898 1452 misera
926 1401 1068 1456 excuset

57 1505 214 1570 conditio.
257 1505 352 1570 Loco
383 1514 493 1569 autem
526 1515 561 1568 ut
583 1502 652 1570 feci
680 1504 872 1584 constituto,
905 1506 1067 1572 orationis

54 1620 274 1687 intolerabilis
297 1622 501 1705 perturbatio
529 1620 670 1702 tollitur,
699 1622 733 1685 id
764 1623 853 1707 quod
886 1624 1068 1708 praecipue

55 1759 165 1804 meam
189 1739 454 1804 emendationem
469 1740 698 1815 commendet3
719 1758 806 1824 quae
830 1758 924 1804 meae
936 1742 1067 1825 quidem

55 1856 243 1923 sententiae
284 1857 325 1920 de
369 1857 514 1942 equitum
548 1876 687 1921 numero
729 1856 864 1940 egregie
900 1858 1066 1922 subvenit.

56 1975 141 2038 Nam
173 1973 230 2039 luc
258 1972 456 2038 Ciceronem
488 1983 639 2038 secutum
671 1993 749 2047 esse
783 1984 971 2056 auctorem,
1011 1975 1066 2060 qui

55 2101 114 2156 aut
140 2092 182 2156 de
203 2091 410 2156 Albanorum
437 2091 552 2156 turmis
580 2089 659 2155 nihil
688 2101 892 2176 compertum
914 2091 1066 2171 haberet,

55 2219 113 2274 aut
145 2207 297 2275 Albanos
332 2208 518 2273 Luceribus
551 2208 714 2273 contineri
741 2209 930 2274 rectissime
961 2219 1066 2293 ratus,

56 2324 197 2394 consilio
227 2326 381 2391 distincte
408 2345 469 2390 eos
494 2345 561 2389 nou
589 2336 881 2402 commemoraret,
910 2325 987 2410 quid
1010 2346 1066 2390 ve-

55 2443 241 2523 risimilius,
269 2463 368 2528 quam
391 2440 607 2518 Ciceronem,
636 2453 672 2506 ut
700 2462 872 2507 nutrieram
896 2441 984 2505 mille
1009 2443 1065 2504 du·

57 2574 242 2642 centorum,
265 2581 362 2646 quem
384 2581 405 2626 a
425 2559 574 2645 plurimis
596 2559 736 2625 relatum
758 2559 931 2635 inveniret,
953 2558 1065 2644 aliquo

58 2682 158 2747 modo
182 2677 348 2758 efiiceret,
370 2679 423 2745 bis
445 2678 649 2763 duplicatum
675 2697 753 2744 esse
776 2680 817 2742 ab
842 2678 960 2743 eodem
983 2677 1066 2742 Tar·

57 2800 169 2885 quinio
189 2817 362 2863 numerum
385 2796 448 2863 sibi
471 2795 632 2863 finxisset

165 3016 216 3092 51)
257 3018 431 3097 Aptissima
455 3017 605 3098 particula
630 3036 667 3077 ac
695 3017 801 3076 iterum
825 3033 981 3076 numerum
1014 3014 1064 3075 du·

57 3126 199 3206 plicatum
220 3143 294 3186 asso
314 3123 509 3204 significatur.
547 3123 609 3186 cfr.
624 3122 722 3184 Haud.
737 3122 927 3184 Tursalliuus
946 3143 975 3203 p.
992 3121 1065 3182 477:

58 3232 116 3303 „ln
130 3233 298 3293 narratione
312 3250 366 3312 par
386 3238 524 3311 „atque“
543 3232 735 3313 conjungitur
754 3231 861 3300 rasel,
883 3248 962 3308 quae
976 3236 1068 3290 antea

59 3341 145 3402 dicta
171 3346 233 3412 est,
268 3341 408 3419 aequalis
440 3338 490 3402 vel
525 3324 784 3420 aequiparanda.“
833 3338 893 3410 Qui
922 3358 996 3399 vero
1017 3343 1070 3399 aut

52 3452 142 3531 justo
162 3451 312 3512 audacius
332 3472 351 3512 a
370 3469 418 3510 me
438 3449 532 3508 verba
553 3448 741 3527 transposita
763 3467 854 3517 esse,
875 3454 926 3508 aut
947 3451 1067 3510 uiuriam

57 3561 296 3623 inconstantiam
323 3577 393 3620 mea
413 3557 615 3637 explicatione
636 3555 775 3615 Ciceroni
800 3556 919 3616 obtrudi
940 3558 1066 3616 arbitre-

58 3676 122 3739 tur,
144 3668 172 3728 is
192 3673 362 3729 ceterorum
381 3669 464 3726 certe
483 3669 516 3724 et
535 3662 764 3724 emendationes
790 3669 822 3724 at
848 3662 1066 3741 explicationes

60 3795 120 3837 non
139 3777 241 3836 minus
263 3773 440 3836 offensionis
463 3772 579 3832 babere
603 3770 762 3840 concedat,
788 3776 820 3832 et
839 3768 995 3829 Ciceronis
1015 3788 1066 3828 au·

61 3883 205 3946 ctoritate
224 3885 253 3944 in
275 3884 383 3946 haere
406 3879 599 3958 dijudicanda
617 3880 660 3940 uti
680 3879 800 3940 omnino
820 3877 959 3938 desistat.
