2466 4576
579 257 781 322 ..48-

179 436 293 503 dicere
315 438 465 504 voluisse
486 439 633 520 videtur,
656 440 719 506 nisi
742 440 860 506 decem
883 438 984 507 millia
1000 442 1093 508 aeris
1106 451 1185 508 tuuc

177 558 336 640 temporis
357 558 441 622 satis
462 557 606 641 amplam
637 556 743 624 fuisse
768 559 945 643 pecuniam
967 569 1002 626 et
1024 569 1185 646 quautam

177 675 287 740 servis
305 673 458 740 fidelibus
480 676 524 740 ob
546 671 700 741 virtutem
712 676 799 742 solvi
819 697 882 762 par
904 691 1013 755 esset3
1036 690 1072 744 et
1091 689 1186 745 recte

179 790 320 875 quidem.
364 789 489 856 Decem
519 791 619 856 millia
640 794 732 857 aeris
768 792 875 877 enim,
908 814 1110 880 quamquam
1144 815 1186 859 ex

177 906 339 974 Boeckhii
360 909 490 974 ratione
506 909 578 993 jam
600 911 699 974 tertia
720 907 841 974 classis
862 911 945 975 tanti
967 910 1185 989 censebatur,

178 1024 206 1089 si
227 1035 400 1089 numerato
418 1025 652 1104 solvebantur,
675 1046 761 1111 quae
786 1037 865 1092 tune
887 1038 960 1092 erat
974 1049 1184 1094 nummorum

178 1143 335 1226 penuria,
358 1142 491 1207 divitiae
506 1144 585 1227 jure
607 1142 725 1208 haberi
745 1153 911 1227 poterant
937 1144 1185 1218 Maximaanim

179 1277 304 1324 census
326 1277 408 1342 pars
428 1279 471 1322 ex
497 1259 588 1342 agris
615 1259 793 1322 constabat
819 1269 853 1322 et
869 1259 1031 1343 jumentis
1053 1271 1184 1327 armen-

178 1375 305 1460 tisque,
325 1377 372 1439 ita
393 1387 429 1440 ut
447 1396 642 1459 perpaucos
663 1386 743 1440 tunc
757 1375 888 1440 Romae
909 1374 1031 1454 fuisse,
1050 1378 1108 1463 qui
1129 1379 1185 1443 de·

180 1514 254 1558 cem
276 1492 378 1557 millia
402 1492 491 1557 aeris
505 1493 646 1557 nummis
661 1494 844 1558 numeratis
857 1493 1090 1577 possiderent,
1113 1514 1183 1560 cre·

180 1610 280 1677 dibile
303 1610 354 1675 sit.
397 1609 512 1674 Locus
540 1619 670 1688 autem,
703 1610 757 1694 qui
780 1610 869 1694 apud
895 1609 1083 1676 Varronem
1106 1609 1185 1698 legi·

179 1740 250 1807 tur,
269 1749 347 1794 num
363 1728 442 1814 jure
465 1748 526 1812 pro
546 1727 734 1794 testimonio
756 1726 921 1812 locupleti
935 1726 1052 1793 haberi
1065 1729 1185 1812 possit,

181 1847 333 1932 equidem
354 1844 453 1910 valde
477 1844 599 1908 dubito.
644 1843 787 1907 Primum
818 1845 904 1907 euim
926 1843 1040 1909 Varro
1062 1863 1130 1908 uon
1152 1843 1184 1905 id

181 1961 266 2044 agit,
292 1972 329 2025 ut
354 1961 396 2025 de
422 1978 503 2023 aere
531 1958 678 2043 equestri
714 1957 769 2023 vel
797 1979 884 2051 equo
906 1957 1040 2042 publico
1060 1957 1184 2045 aliquid

180 2077 306 2152 tradat,
335 2075 399 2140 sed
426 2074 458 2138 in
488 2072 597 2138 forma
616 2075 833 2157 grammatica
854 2074 1055 2158 explicanda
1076 2096 1185 2142 exem-

179 2193 227 2278 pli
248 2193 356 2278 gratia
375 2211 445 2255 rem
467 2188 611 2274 prolert3
634 2190 796 2276 ejusmodi
825 2201 935 2258 autem
965 2192 1122 2278 exempla
1143 2193 1188 2258 ad

179 2308 330 2395 regulam
341 2308 605 2394 grammaticam,
625 2328 690 2373 non
710 2310 753 2372 ad
774 2308 873 2374 fidem
893 2308 1090 2376 historicam
1107 2310 1187 2396 fingi

181 2428 301 2496 solent.
346 2426 475 2492 Deinde
497 2425 696 2491 vocabulum
720 2426 921 2505 „assarius“
936 2447 1104 2512 nusquam
1122 2428 1187 2493 nisi

179 2548 248 2613 boc
268 2546 346 2611 loco
363 2545 485 2628 legitur
491 2593 502 2627 ‚
523 2563 633 2629 neque
646 2541 789 2607 Charisii
803 2543 986 2609 auctoritas
1006 2562 1049 2608 ea
1067 2548 1187 2629 estu),

181 2677 235 2744 ut,
255 2684 333 2728 num
357 2663 509 2729 assarios
532 2662 619 2726 idem
639 2662 739 2725 luerit
752 2662 842 2746 quod
863 2681 920 2738 as,
941 2681 1010 2726 non
1026 2661 1187 2746 jureum·

182 2782 250 2866 bigi
270 2799 376 2865 posse
399 2779 562 2845 videatur.
605 2776 755 2863 Denique
777 2775 867 2841 nullo
891 2779 991 2842 modo
1012 2778 1125 2843 Varro
1149 2799 1187 2842 se

183 2903 225 2966 da
246 2898 355 2966 Servii
375 2906 485 2962 aetate
506 2895 598 2989 loqui
625 2893 807 2980 significat,
834 2894 938 2978 ipsius
969 2903 1081 2959 autem
1109 2907 1188 2960 tem·

181 3039 265 3103 pore
280 3036 400 3102 equum
422 3036 490 3080 nou
513 3012 598 3078 mille
620 3014 757 3086 assium,
779 3011 840 3075 sed
863 3010 950 3076 mille
973 3011 1187 3078 denariorum

181 3134 288 3199 fuisse
318 3141 459 3198 constat.
504 3132 599 3205 Quae
632 3149 730 3214 quum
757 3128 803 3192 ita
829 3127 912 3205 sint,
942 3148 984 3192 ex
1013 3128 1082 3194 hcc
1109 3128 1187 3195 loco

182 3249 278 3328 solo,
307 3249 350 3311 ad
377 3247 540 3311 decimam
562 3262 692 3328 partem
715 3243 869 3309 Serviani
892 3264 1016 3310 census
1038 3265 1187 3311 summas

182 3366 385 3450 redigendas
408 3383 498 3441 esse,
521 3361 632 3446 colligi
655 3381 760 3445 posse
782 3381 887 3447 nego,
909 3372 941 3425 et
963 3361 996 3425 in
1019 3360 1187 3426 Boeckhii

181 3484 310 3550 ratione
331 3481 429 3545 nobis
457 3478 739 3563 acquiescendum
766 3498 846 3542 esse
875 3475 1038 3552 arbitror,
1066 3499 1188 3544 secuu-

183 3605 260 3666 dum
290 3619 388 3684 quam
418 3617 479 3662 aes
506 3605 662 3680 equestre
687 3594 827 3659 duorum
846 3592 995 3674 millium,
1024 3615 1086 3660 aas
1112 3595 1187 3660 hor-

182 3718 330 3783 dearium
352 3712 665 3799 quadringentorum
687 3706 811 3771 assium
829 3718 913 3774 erat.

182 3843 387 3857 *σιν-α

293 3896 343 3972 67)
382 3896 501 3958 Becker
524 3881 552 3974 p
575 3889 877 3951 autumaretur.
