2466 4576
502 285 713 349 ..ql-s

63 495 67 504 ·
115 481 247 566 ideoque
274 502 343 547 non
369 483 401 545 in
425 483 616 562 centurias,
649 481 711 547 sed
738 481 771 544 in
800 480 956 546 decurias
983 481 1109 548 divisos

112 597 221 665 fuisse.
275 598 473 687 Dionysium
502 601 634 685 quidem
660 598 902 683 ἑκατοντάρχας
928 598 1111 670 ,Gelerihus

112 714 300 802 praefuisse
326 717 393 799 (ll,
421 717 483 801 13)
505 718 675 797 seribere,
710 719 773 782 sed
806 727 1011 782 commutare
1037 737 1112 784 eum

110 833 250 899 Celeres
285 854 360 900 cum
393 836 554 900 trecentis
584 835 740 920 corporis
770 835 987 915 custodibus,
1027 856 1112 920 quos

108 951 273 1018 Romulus
307 951 478 1029 hahuerit3
516 964 550 1018 et
589 953 717 1018 Livium
755 974 872 1039 parum
905 966 1114 1022 accuratea

107 1069 255 1135 Romulo
286 1081 358 1135 tres
392 1071 537 1153 equitum
569 1071 738 1135 centurias
763 1071 929 1146 institutas
955 1092 1035 1138 esse
1059 1092 1114 1137 re-

106 1186 217 1264 lerre3
239 1186 438 1254 Ciceronem
461 1199 570 1252 autem
592 1207 760 1272 nunquam
778 1187 964 1268 Remulum,
986 1189 1116 1270 Titium,

107 1305 280 1371 Lucerum
317 1306 448 1388 equites
474 1306 643 1370 centurias
679 1304 865 1389 appellare.
913 1305 1023 1379 Quum
1058 1327 1117 1371 au-

108 1433 176 1487 tem
210 1443 255 1486 ex
280 1424 446 1510 cujusque
480 1424 594 1488 curiae
622 1422 797 1489 clientibus
825 1425 957 1488 centeni
983 1425 1116 1509 pedites

107 1539 228 1626 scripti
240 1540 324 1621 sint,
351 1541 395 1605 ad
418 1540 484 1606 hos
507 1542 645 1626 proprie
661 1543 830 1626 pertinere
857 1562 979 1607 nomen
1001 1555 1116 1608 centu-

109 1658 197 1736 riae,
219 1668 253 1721 et
266 1669 303 1722 ut
327 1657 418 1722 inre
441 1656 570 1721 militari
597 1669 730 1722 centum
750 1658 882 1743 pedites
908 1659 954 1723 ita
979 1661 1011 1722 in
1027 1660 1117 1745 agris

110 1776 260 1840 ducenta
278 1776 404 1861 Jugera
427 1773 639 1860 siguificare,
674 1785 755 1858 quot
789 1775 866 1839 data
898 1776 964 1840 sint
997 1777 1117 1859 cuique

112 1892 273 1958 clientum
300 1893 483 1958 centuriae.
535 1893 615 1956 lude
635 1890 806 1957 centuriae
833 1912 954 1956 nomen
968 1891 1120 1957 Servium

110 2009 335 2097 repetivisse,
367 2009 571 2094 aptissimum
597 2029 664 2073 non
691 2029 710 2072 e
736 2019 856 2094 gente,
882 2010 987 2074 sede
1014 2029 1120 2075 ceusu

113 2127 307 2212 descriptis.
365 2127 484 2210 Neque
521 2127 638 2190 mirum
675 2146 772 2205 esse,
818 2129 908 2211 quod
944 2129 1122 2214 sexaginta

113 2248 243 2332 primae
271 2243 393 2310 elassis
421 2243 579 2309 centuriis
607 2236 717 2335 (quas
745 2245 895 2328 patriciis
928 2247 1121 2312 tribuendas

115 2386 197 2431 esse
225 2354 419 2453 contendit)
444 2361 513 2426 hoc
539 2383 660 2427 nomen
688 2363 799 2426 datum
822 2363 881 2438 sit;
903 2383 980 2427 narn
1006 2362 1122 2448 plebe-

110 2485 228 2570 jorum
268 2500 362 2543 more
402 2479 545 2563 pedibus
577 2479 781 2544 merentibus
814 2500 938 2545 nomen
976 2501 1122 2565 quoque,

116 2598 330 2686 plebejorum
362 2607 464 2660 anteo
500 2597 691 2681 proprium,
731 2597 874 2661 dandum
916 2596 1033 2663 fuisse.
1087 2599 1123 2662 lu

117 2717 283 2804 patricias
311 2726 422 2780 autem
449 2715 575 2799 primae
610 2714 731 2780 classis
765 2716 934 2782 centurias
957 2718 1125 2782 seniorum

120 2836 252 2921 equites
297 2833 458 2918 patricios
508 2833 651 2896 emeritis
696 2832 869 2917 stipendiis
912 2835 1126 2919 transmigra-

119 2956 226 3021 visse.
280 2951 376 3025 Quae
398 2951 508 3014 omnia
525 2969 622 3034 quam
645 2949 733 3013 miris
762 2950 1072 3015 ratiocinationibus
1080 2941 1125 3034 ⁵⁸)

122 3066 318 3155 philosophi
360 3067 467 3152 magis
507 3086 607 3150 quam
644 3064 795 3131 historici
836 3086 944 3156 more·
972 3067 1126 3132 institutis

124 3184 320 3252 Huschkius
348 3180 552 3250 confirmare
574 3184 725 3263 studeat,
756 3183 892 3248 uberius
920 3204 988 3248 nou
1009 3205 1128 3268 perse-

127 3323 219 3387 quar.
273 3301 484 3385 Quamquam
509 3311 618 3366 autern
655 3301 816 3365 nonnulla
848 3302 931 3366 satis
966 3303 1130 3367 subtiliter

95 3500 98 3506 ⁵
125 3423 168 3488 ab
193 3440 234 3485 eo
263 3419 430 3503 disputata
452 3428 541 3497 sunt,
564 3419 597 3480 in
622 3419 815 3483 universum
837 3429 965 3498 tamen,
988 3431 1130 3502 quanto·

125 3558 210 3624 pere
237 3537 272 3601 in
302 3546 453 3601 veterum
481 3533 683 3619 scriptorum
705 3535 901 3600 testimoniis
926 3556 994 3599 non
1021 3536 1130 3600 eonsi-

128 3655 287 3721 derandis
309 3673 351 3717 ao
381 3651 621 3738 ponderandis,
649 3651 713 3714 sed
743 3649 952 3736 negligendis
980 3641 1157 3717 tota-ar!

128 3789 337 3803 mmm-..ua-

234 3846 284 3922 58)
307 3847 369 3908 cfr.
389 3846 534 3926 imprimis
554 3867 581 3924 p.
607 3843 668 3904 112.
