2466 4576
477 258 771 383 ..μ’

59 499 108 563 vel
131 501 188 584 qui
213 499 398 564 adversarii
420 499 637 580 exstiterunt,
665 520 738 566 eum
767 496 908 585 primum
933 498 1068 565 liberta·

59 629 121 681 tam
145 625 180 680 et
201 616 439 682 necessitatem
455 618 639 703 quaerendi
658 629 692 682 et
708 616 877 682 dubitandi
901 615 943 681 de
964 616 1067 680 rebus

58 735 286 798 Romanorum
315 734 459 819 antiquis
481 735 673 801 ostendisse
682 734 710 813 ¹)
742 752 925 819 veramque
968 733 1069 798 unice

58 849 142 912 viam
173 848 315 916 inivisse
348 848 589 934 confiteantur,
614 850 745 935 plurimi
769 861 879 915 tamen
901 848 1068 935 plerisque

60 967 98 1029 de
126 966 233 1030 rebus
261 965 368 1050 iisque
396 965 533 1031 summis
561 965 653 1031 velut
682 967 725 1032 de
758 966 989 1052 antiquissima
1017 964 1067 1032 rei

60 1079 216 1164 publicae
237 1079 356 1159 forma,
377 1082 420 1147 de
441 1080 551 1166 plebis
573 1082 703 1168 origine
727 1094 761 1147 et
786 1083 998 1162 conditione,
1026 1082 1069 1146 de

61 1197 274 1280 patriciorum
294 1197 428 1283 juribus
458 1217 575 1262 verum
598 1217 672 1262 eum
695 1198 822 1263 vidisse
845 1199 1068 1279 consentiant,

61 1334 169 1398 neque
190 1333 287 1391 raro,
317 1334 406 1399 quae
426 1314 500 1397 ipse
523 1313 725 1380 divinatione
746 1315 891 1399 quadam
913 1324 947 1379 et
968 1314 1069 1380 insito

61 1429 128 1493 veri
153 1448 262 1493 sensu
281 1427 405 1494 duetus
425 1439 607 1494 assecutus
629 1437 718 1508 erat,
740 1429 945 1514 argumentis
966 1428 1069 1495 certis

60 1544 275 1630 comprobari
295 1564 401 1629 posse
422 1546 700 1622 demonstrent2).

163 1661 292 1727 Omnes
314 1673 436 1740 autem,
453 1663 508 1748 qui
529 1660 639 1745 aliqua
659 1683 703 1727 ex
725 1673 822 1748 parta
840 1662 983 1749 equitum
1000 1662 1068 1728 Ro·

61 1797 235 1842 manorum
257 1777 431 1844 historiam
453 1789 487 1842 et
509 1778 733 1845 conditionem
756 1781 948 1863 attigerunt,
968 1781 1069 1843 nomi.

59 1897 162 1961 natim
184 1914 382 1962 enumerare
405 1918 504 1983 quum
528 1895 663 1981 longum
684 1897 745 1977 sit,
777 1917 820 1961 ex
842 1897 901 1975 iis,
925 1898 981 1982 qui
1003 1916 1069 1962 arn·

58 2011 199 2096 pliorem
220 2015 392 2079 materiam
413 2013 593 2098 complexi,
612 2013 703 2079 hunc
717 2035 851 2100 quoqne
871 2014 982 2079 locum
1003 2026 1070 2079 tra·

10 2164 12 2175 =
57 2141 192 2195 ctarcnt
213 2151 356 2196 necesse
379 2143 463 2210 erat,
480 2130 669 2196 Beckerum
684 2131 793 2197 solum
807 2143 1071 2196 commemorare

56 2250 141 2313 satis
167 2247 318 2324 habeb03
345 2249 402 2334 qui
432 2248 464 2311 in
495 2246 598 2326 libro,
624 2268 722 2332 quem
752 2249 794 2312 de
821 2249 1070 2334 antiquitatibus

59 2365 223 2431 Romanis
244 2365 397 2449 scripsit,
427 2366 548 2448 ubique
576 2375 726 2429 veterum
753 2366 956 2449 scriptorum
979 2363 1071 2427 testi·

60 2482 179 2546 moniis
205 2481 456 2567 diligentissime
482 2479 638 2546 collectis
669 2500 787 2565 quum,
817 2499 904 2566 quae
931 2477 1071 2542 aliorum

10 2650 14 2681 ¹
60 2616 167 2680 opera
195 2596 238 2660 de
268 2614 469 2681 unaquaque
500 2615 538 2660 re
559 2595 762 2680 investigata
783 2605 897 2672 erant,
915 2593 1073 2677 exposuit

10 2738 13 2787 t
61 2721 95 2778 et
115 2711 149 2775 in
173 2731 273 2776 unum
295 2712 490 2796 conjunxit,
519 2722 585 2776 tum
615 2711 689 2794 ipse
715 2710 815 2775 multa
842 2729 967 2795 magna
993 2730 1069 2775 oum

62 2828 216 2892 doctrina
242 2829 339 2892 novis
377 2828 582 2912 argumentis
612 2825 722 2892 allatis
750 2838 807 2891 aut
841 2828 1073 2911 comprobavit

10 3020 12 3035 Ι
62 2947 309 3022 succurrent,
337 2945 439 3030 idque
456 2946 640 3030 praecipue
667 2945 760 3028 ogit,·
779 2955 815 3007 nt
839 2963 925 3030 quae
949 2945 1072 3031 ubique

10 3060 13 3089 ¹
61 3061 240 3147 explorata
271 3072 308 3126 et
335 3074 430 3127 certa
466 3082 553 3147 quae
589 3061 689 3126 dubia
724 3071 839 3126 esseut
872 3071 906 3125 et
942 3069 1073 3126 eontra

62 3200 183 3258 versa,
224 3178 326 3245 facile
361 3179 615 3263 perspiceretur
644 3176 808 3263 simulque
849 3186 883 3241 et
916 3188 1073 3263 quantum

64 3298 260 3380 superiores
294 3295 537 3380 profecissent,
580 3308 614 3361 et
648 3306 806 3383 quantum
851 3295 1074 3378 posteriorum

69 3460 272 3471 ..ω-Ἦ

162 3547 193 3622 1)
234 3547 340 3608 Verba
356 3546 514 3624 Madwigii
537 3553 610 3606 sunt
629 3548 660 3605 ln
684 3547 936 3606 commentatione
955 3543 1074 3621 dejure

65 3638 283 3715 etconditione
299 3631 484 3699 coloniarum
505 3657 535 3716 p.
558 3636 597 3698 R.
611 3657 718 3715 opusc.
740 3636 765 3697 l.
786 3658 817 3717 p.
836 3634 901 3696 210.
924 3634 1074 3713 Ejusdem

63 3731 203 3811 prudens
222 3738 257 3794 et
273 3732 459 3793 luculentum
482 3730 522 3790 do
545 3728 712 3790 Niebubrio
724 3729 870 3810 judicium
887 3724 938 3788 cir.
955 3726 1077 3813 ibidem

125 3888 128 3894 ,
175 3820 208 3901 ⁵2)
245 3824 453 3887 Cir.‘Beeker
479 3824 678 3902 antiquitates
699 3820 789 3882 Rom.
808 3822 904 3901 partis
929 3818 965 3880 ll.
990 3836 1067 3901 prae

65 3915 121 3976 lat.
143 3934 176 3993 p.
198 3912 254 3974 xl.
683 3949 687 3953 ‹
945 3928 967 3966 ,ὲ
1000 3908 1003 3913 '
