2466 4576
459 273 666 337 ...51-

10 474 12 495 ¹
61 458 192 537 „vende
218 462 362 542 equum“
385 458 515 535 inesse,
538 452 844 542 recteJ'udioavisse
865 420 1068 524 Niebuhrius

62 575 201 639 videtur.

165 691 321 774 Equitum
358 688 584 772 duodeviginti
626 692 788 755 centuriis
824 692 870 755 ito
912 692 1069 767 institutis

62 806 342 875 Servius'l'uilius
363 807 395 870 iu
415 807 558 873 comitiis
579 808 807 892 duodeviginti
828 807 989 893 suffragia
1010 811 1070 873 de-

61 930 124 1010 dit,
152 937 190 992 ut
211 927 281 1012 jam
303 945 371 990 non
400 928 571 991 exereitus
592 936 729 1005 tantum,
750 926 814 993 sed
835 928 934 993 etiam
956 926 1070 1012 popuii

10 1068 12 1073 ¹
60 1065 144 1130 pars
174 1055 268 1109 esset
295 1045 472 1129 equitatus.
515 1043 683 1129 Suffragia
705 1055 814 1110 uatem
837 1057 915 1111 ante
937 1057 1071 1111 ceteras

60 1159 233 1229 oenurrias
255 1159 426 1236 ferebant3
454 1179 497 1224 ae
518 1160 625 1242 primo
647 1161 778 1245 quidem
800 1161 879 1228 ioco
903 1166 1069 1229 vocaban-

61 1292 114 1345 tur
134 1298 200 1344 sex
221 1274 445 1360 endingen).
490 1277 581 1341 Inter
600 1278 746 1361 equitum
764 1279 935 1345 centurias
958 1289 1071 1345 antem

59 1396 174 1479 ipsas,
203 1403 438 1476 praeterquam
471 1392 560 1476 quod
591 1411 654 1459 sex
684 1391 845 1478 suffragia
865 1413 901 1459 -a
932 1396 1071 1475 eatenis,

51 1501 342 1597 'quemadmodum
370 1528 475 1592 supra
499 1509 660 1593 exposui,
682 1509 976 1590 distincta-erant,
1000 1509 1071 1576 uul-

57 1627 129 1697 ium
150 1648 216 1715 nec
238 1625 407 1711 diguitatis
437 1644 503 1690 neo
526 1637 719 1691 armaturae
748 1628 982 1695 intercedebat
1005 1630 1071 1695 dis·

59 1747 202 1813 crimen.
245 1743 357 1828 Atque
378 1762 465 1826 quae
478 1740 728 1827 Huschkius⁷⁴)
752 1744 794 1808 de
818 1744 964 1831 equitum
986 1744 1072 1813 clas·

59 1863 174 1934 sibus,
197 1860 240 1925 de
268 1859 433 1943 equitibus
456 1858 658 1936 ferentariis,
678 1860 721 1923 do
742 1879 869 1925 census
889 1876 1072 1925 armerum

60 1999 129 2067 que
151 1979 341 2045 discrimine
373 1990 581 2043 commentus
603 1989 671 2056 est,
700 1997 741 2043 eu
763 1986 967 2045 erratorum
987 1979 1074 2065 scri·

60 2106 196 2182 ntorum
218 2095 416 2161 testimoniis
436 2114 640 2179 repugnare,
660 2107 695 2160 et
714 2093 804 2162 nullo
827 2097 1000 2180 probabili:
1019 2115 1073 2163 ar·

61 2223 222 2301 gemente
249 2213 327 2290 niti,
362 2230 481 2296 magara
514 2223 625 2278 autem
656 2235 699 2278 ex
727 2225 825 2298 parte
856 2213 1074 2299 conjecturae

61 2335 187 2421 gratia,
210 2352 276 2418 qua
299 2330 470 2397 Ciceronis
492 2331 616 2409 iocum,
634 2332 693 2415 qui
714 2332 756 2396 de
778 2330 952 2415 republica
971 2332 1011 2411 Π,
1032 2331 1076 2395 96

62 2450 201 2535 iegitur,
231 2449 422 2526 mutaverit,
444 2447 524 2513 ficta
547 2468 626 2514 esse
649 2448 764 2528 videri,
786 2447 961 2515 verissime
982 2447 1074 2511 Mar·

62 2567 227 2654 quardtus
242 2563 442 2651 jndtcatff).

88 2702 92 2709 ·
169 2683 292 2749 Restat
304 2683 460 2768 denique,
481 2692 517 2748 ut
538 2702 751 2768 quaeramus,
773 2683 929 2768 quamdiu
947 2682 983 2747 ia
996 2682 1076 2749 duo-

65 2799 228 2885 deviginti
253 2799 413 2865 centuriis
438 2798 588 2882 equites·
606 2799 799 2865 manserint
848 2798 946 2871 Quae
973 2818 1076 2884 quac·

63 2919 151 2996 saio,
172 2937 194 2981 a
216 2915 325 2981 multis
345 2917 439 2981 varie
461 2927 618 2994 tractata,
641 2916 778 2999 egregie
801 2934 822 2978 a
842 2913 1078 3002 Madwigio²⁶)

64 3035 232 3103 dissoluta
253 3054 332 3101 esse
350 3034 494 3100 videtur
536 3033 608 3099 Res
628 3041 741 3097 autem
762 3032 807 3097 ita
828 3029 995 3098 feresese
1010 3030 1077 3095 ha·

65 3182 278 3195 ,“·-..ι-

67 3235 107 3295 ad
125 3253 182 3295 aes
192 3231 383 3294 hordearium
397 3186 588 3295 referendum
607 3249 681 3292 esse
696 3248 820 3292 censeo
840 3230 970 3308 Abnego
985 3229 1078 3321 euim,

71 3310 151 3404 quod
176 3324 249 3386 dare
270 3323 353 3393 nolo,
374 3344 431 3384 non
456 3322 536 3402 quod
560 3322 663 3384 datum
683 3339 826 3400 reposco.

167 3413 224 3491 73)
261 3414 332 3475 Liv.
354 3412 385 3484 1,
404 3413 457 3486 43,
487 3412 617 3492 Dionys.
642 3412 695 3482 iv,
720 3410 764 3473 le.
784 3409 868 3481 Vll,
887 3410 936 3470 39.
953 3408 1005 3480 Χ,
1026 3392 1078 3481 17·

67 3505 122 3567 cfr
147 3503 624 3586 Beckerp.aoo;n1arqnudt
649 3501 905 3579 Fortadesw
923 3499 960 3560 3·
985 3499 1080 3561 Peter

67 3596 217 3679 Epochen
238 3596 371 3673 Anhang
390 3594 412 3655 1

174 3687 225 3763 74)
266 3664 666 3783 Οῐτωρ91ρ369369.

75 3792 78 3797 ·
173 3776 224 3852 73)
263 3776 392 3854 Equites
412 3794 485 3836 rom
505 3794 534 3854 p
554 3772 581 3835 3
603 3793 633 3853 p
654 3768 682 3832 9
702 3770 832 3832 110147.

116 3867 227 3942 ’·76)
266 3867 413 3948 eparci.
433 3866 559 3945 pifflw
823 3936 872 3996 Γ
937 3876 952 3887 ··
1068 3882 1072 3889 ·
