2466 4576
513 264 717 328 ..44-

109 456 276 530 equestre,
305 466 370 530 quo
387 457 547 524 emerent,
569 456 602 510 et
622 464 683 510 aes
705 444 935 521 hordeacium,
958 463 1027 527 quo
1050 440 1116 505 ale·

109 572 184 625 rent
213 582 342 645 equum,
373 563 529 640 dabatur,
561 561 699 627 alterum
730 560 904 646 epublico
928 569 1116 642 erogatum,

109 676 247 743 alterum
275 680 431 743 orborum
466 690 499 743 et
530 679 702 743 viduarum
738 679 870 742 tributis
900 674 1114 756 coactumss).

109 792 229 857 Viduis
254 804 364 856 autem
387 803 421 857 et
443 794 535 858 orbis
556 793 624 859 hoc
646 815 731 859 onus
750 793 939 877 impositum
956 812 1039 871 csse
1061 793 1115 856 mi·

109 931 181 974 rum
205 930 271 974 non
299 921 367 985 cst3
400 932 499 996 quum
528 912 613 975 enim
642 931 684 975 ex
707 911 826 975 civium
849 931 1032 976 censorum
1055 931 1115 975 nu-

110 1047 202 1093 mero
225 1028 411 1091 eximantur
431 1047 451 1089 a
472 1028 566 1092 Livio
586 1028 665 1110 (ΙΙΙ,
687 1027 708 1090 3
730 1040 764 1092 et
785 1029 862 1112 epit.
884 1027 952 1110 59),
972 1027 1114 1092 indetri-

109 1145 178 1208 buti
198 1144 365 1228 pendendi
389 1146 551 1210 immunes
577 1166 638 1210 eos
660 1144 766 1211 fuisse
789 1145 903 1228 colligi
920 1143 1014 1212 licet.
1043 1146 1114 1210 Sin·

109 1260 195 1344 gulis
218 1261 382 1346 equitibus
405 1261 556 1346 singulas
578 1263 698 1328 viduas
719 1262 776 1327 vel
800 1262 915 1347 plures
937 1264 1114 1328 attributas

109 1399 199 1462 esse,
222 1399 243 1443 a
264 1381 382 1464 quibus
403 1381 581 1463 pecuniam
605 1382 795 1464 exigerent,
822 1382 855 1445 id
878 1383 967 1466 quod
990 1403 1011 1447 e
1032 1383 1114 1447 Livii

109 1498 221 1561 verbis
244 1497 292 1574 (Ι,
313 1495 373 1573 43)
403 1496 515 1581 colligi
537 1499 611 1583 quis
633 1518 737 1582 posse
759 1500 956 1579 arbitretur,
984 1520 1007 1564 a
1030 1503 1114 1566 veri·

109 1613 322 1678 similitudine
357 1625 451 1680 certe
484 1613 653 1680 abhorret.
715 1616 925 1700 Pepcndisse
961 1619 1116 1683 videntur

109 1732 181 1796 orbi
203 1733 390 1817 viduaeque
408 1753 470 1816 pro
490 1753 590 1816 opum
610 1731 742 1797 ratione
754 1734 893 1798 tribunis
906 1733 1116 1815 aeramis”);

109 1871 130 1913 a
155 1851 275 1934 quibus
308 1867 342 1916 et
369 1861 509 1935 propter
548 1871 607 1915 aes
636 1861 795 1935 equestre
825 1861 858 1915 et
882 1861 1026 1936 propter
1056 1872 1117 1918 aes

108 1967 322 2033 hordearium
335 1969 455 2052 pignus
468 1987 593 2050 capere
607 1966 770 2052 equitibus
780 1965 968 2053 licebat⁰⁸).
988 2006 1032 2018 -
1051 1969 1117 2034 Ae·

107 2085 155 2148 ris
177 2085 343 2168 equestris
364 2084 497 2147 nomine
519 2084 597 2147 data
621 2104 699 2148 esse
722 2087 887 2169 equitibus
909 2087 1030 2152 decem
1048 2088 1118 2152 mil·

108 2200 153 2266 lia
174 2201 315 2283 assium,
348 2201 437 2265 aeris
466 2199 634 2266 hordearii
664 2203 797 2267 nomine
834 2204 900 2268 duo
927 2203 1029 2270 millia
1058 2224 1117 2271 as-

109 2319 193 2385 sium
216 2319 331 2384 Livius
352 2319 394 2402 (l,
407 2319 463 2404 43)
484 2320 595 2383 tradit.
640 2318 736 2392 Ques
756 2341 902 2386 summas
921 2320 1024 2387 multo
1049 2343 1117 2388 rnu-

102 2436 202 2520 jores
226 2456 316 2518 esse,
337 2455 434 2521 quam
450 2456 513 2520 pro
529 2436 756 2521 jumentorum
782 2437 1006 2524 frumentique
1036 2461 1115 2523 pre·

109 2552 168 2629 tio,
190 2563 347 2638 quantum
369 2563 448 2616 tunc
466 2550 573 2618 fuisse
595 2565 739 2632 constet,
764 2554 922 2620 credibile
936 2557 991 2636 sit,
1013 2559 1119 2622 nemi·

109 2687 185 2731 nem
206 2668 358 2753 fugitum
383 2668 567 2752 praecipue
591 2689 707 2752 quum,
738 2671 945 2765 quod-recte
968 2673 1120 2738 animad-

109 2785 209 2848 vertit
229 2784 431 2871 Madwigius
454 2786 598 2869 (opusc.
621 2787 647 2854 l.
669 2809 703 2870 p.
727 2785 805 2868 84),
833 2808 900 2852 non
929 2802 1118 2856 consenta-

109 2921 207 2966 neum
227 2905 288 2981 sit,
308 2901 430 2968 nullum
454 2904 585 2988 equites
606 2925 668 2987 pro
691 2905 847 2987 portione
869 2926 955 2971 onus
978 2907 1117 2974 militiae

109 3020 309 3084 sustinuisse
330 3040 397 3084 uua
418 3039 493 3083 cum
517 3020 639 3084 ceteris
663 3019 808 3099 civibus,
835 3020 980 3105 indeque
1003 3023 1119 3110 colligi

110 3134 248 3214 debeat,
280 3155 354 3200 eam
381 3145 507 3201 tanturn
537 3137 601 3200 vim
626 3135 787 3202 habuisse
815 3138 993 3221 pecuniam
1014 3140 1119 3220 illam,

110 3262 145 3314 ut
171 3251 204 3313 id
235 3263 492 3335 compensaret,
527 3255 617 3337 quod
646 3252 722 3337 plus
752 3273 850 3337 quom
877 3259 1119 3341 proportione

110 3386 235 3432 census
270 3349 371 3452 equiti
402 3369 600 3433 necessario
635 3369 866 3434 insumendum
902 3384 1007 3438 esset.
1063 3376 1120 3441 Ad

212 3517 263 3593 (il)
285 3517 353 3578 Liv.
377 3517 401 3588 l,
420 3517 467 3580 43.
486 3520 547 3581 cic.
566 3519 604 3591 ll,
622 3519 669 3581 20.

212 3609 263 3719 64)
283 3609 332 3671 De
362 3609 489 3672 tribunis
521 3613 648 3674 aerariis
682 3610 758 3671 infra
790 3612 919 3701 ‘uberius
958 3616 1119 3700 disputan·

109 3699 178 3759 dum
200 3707 267 3867 edii)
289 3791 347 3853 cn.
367 3791 464 3873 Gejus
488 3793 531 3853 ΙΙΙ
560 3794 642 3871 527.
683 3794 759 3855 Cato
777 3797 858 3875 apud
879 3798 957 3859 Geli.
978 3800 1051 3871 vn,
1074 3803 1119 3868 10.

215 3881 264 3956 64)
285 3882 344 3944 cfr.
363 3881 499 3944 Boeclrlr.
538 3883 654 3946 Metrol.
677 3883 801 3948 Uuters.
823 3908 853 3967 p.
872 3886 938 3951 440.
954 3890 1022 3951 436.
