2466 4576
535 222 746 286 ..55-

120 424 205 473 rum
230 401 327 489 plebs
351 404 530 488 ¹particeps
554 403 647 471 lacto
681 414 752 487 est,
781 406 1141 485 commemorantum),

127 534 246 595 minen
265 525 445 595 munimem
467 531 598 607 portem
618 543 639 588 e
662 521 810 607 patriciis
838 521 1004 607 equitibus
1031 520 1142 587 lectos

129 640 309 726 essm-qui
330 650 484 705 senatum
508 638 733 725 complerent,
753 639 924 717 existimo,
945 638 1065 724 quibus
1083 640 1142 703 od·

130 757 224 831 mixti
257 767 336 827 sunt
367 755 518 825 fortasse
553 757 676 844 plebeji
707 757 858 844 quidam,
894 777 960 842 quo
989 757 1142 840 patribus

131 873 392 945 conciliarentur
405 876 505 941 enimi
528 874 649 961 plebis,
671 875 726 941 cni
742 895 820 941 mox
838 883 965 967 tontum
977 893 1046 938 non
1059 894 1141 959 roge

119 991 298 1060 infensior
323 1003 461 1059 senatus
488 1013 529 1059 se
550 992 714 1078 praebuit
759 993 847 1068 Quin
869 991 986 1076 primis
1007 992 1056 1058 rei
1081 1014 1141 1076 pu·

132 1111 240 1177 blicue
267 1111 397 1177 liberae
418 1110 624 1194 temporibus
646 1109 746 1175 etiam
767 1110 801 1175 io
826 1109 1000 1177 duodecim
1023 1118 1142 1175 centu-

128 1229 215 1308 rius,
235 1248 323 1315 quse
343 1227 435 1293 initio
457 1225 664 1312 plebejornm
676 1224 825 1305 fuerunt,
843 1246 911 1291 non
932 1244 1062 1311 paucos
1082 1247 1140 1311 pc·

128 1347 245 1415 tricios
261 1346 409 1432 juvenes
429 1345 539 1411 lectos
565 1365 655 1424 osse,
675 1344 705 1410 si
732 1344 886 1430 conjicio,
908 1343 999 1411 houd
1025 1343 1143 1428 procul

123 1461 250 1537 :uideor
279 1481 300 1525 e
333 1481 417 1533 vero
450 1461 644 1529 oberrasse.
696 1460 841 1527 Primum
874 1461 962 1525 enim
998 1459 1142 1544 plebem,

122 1579 194 1655 ‚nui
206 1589 244 1651 ot
263 1577 403 1645 Servius
424 1577 568 1644 maxime
587 1576 736 1654 foveret,
757 1578 804 1651 ito
824 1576 1039 1663 Tarquinium
1058 1577 1140 1643 infe·

128 1694 312 1773 piissimum
329 1691 437 1759 fuisse
453 1703 598 1771 constet,
618 1692 792 1759 laboribus
811 1694 1027 1760 exercitatem
1040 1705 1141 1780 etque

126 1820 305 1893 ,vexatum
331 1811 461 1879 tributis
484 1811 704 1907 exhaustam,
733 1810 875 1879 coloniis
903 1811 1015 1889 missis
1035 1811 1141 1877 immi-

105 1936 265 2008 ·nnutom,
295 1929 339 1993 ed
369 1928 585 2012 patriciorum
609 1928 747 2014 injurios
777 1928 873 2014 quasi
894 1938 1140 2013 praeparatum,

118 2046 175 2143 nb
191 2044 247 2113 his
275 2045 399 2129 publici
429 2046 503 2130 egri
524 2045 747 2130 possessione
773 2045 985 2131 prohibitam,
1012 2064 1055 2109 ne
1081 2043 1140 2109 ho·

108 2164 245 2241 ...puisse
281 2163 412 2248 quidem
456 2171 504 2235 tot
521 2163 644 2240 ¹viros,
670 2163 791 2248 quibus
821 2183 945 2228 census
983 2172 1141 2249 equester

118 2290 241 2358 esset,
271 2288 306 2343 ut
332 2279 502 2345 centurias
532 2278 708 2343 duodecim
735 2276 906 2362 complere
935 2289 1092 2363 possent,
1119 2297 1141 2340 o

127 2397 412 2465 verisimilitudine
446 2416 513 2463 non
545 2395 715 2461 obhorret
768 2396 862 2480 Lege
894 2404 1004 2461 antem
1040 2415 1140 2479 quum

125 2535 298 2602 nunquam
311 2514 454 2591 ,vetitum
475 2532 555 2579 esse
577 2513 745 2592 videntur,
767 2534 810 2589 ne
830 2515 864 2579 io
885 2511 950 2579 hes
971 2513 1140 2593 centorius

117 2633 261 2720 ¹putricii
281 2629 537 2717 legerentnrwn
555 2632 720 2717 patricios
735 2629 904 2710 consules,
916 2631 1036 2703 suisio
1048 2631 1140 2716 eqni·

119 2762 183 2829 ¹tes
203 2745 369 2837 legendis,
390 2749 605 2834 patriciorum
628 2752 797 2835 potentine
819 2751 996 2835 augendae
1015 2748 1139 2814 studio·

125 2868 324 2945 sos-„fnisse
351 2865 512 2934 credibile
534 2878 597 2935 est·
641 2868 721 2932 lnde
739 2868 890 2962 'maxime
913 2865 1038 2933 factum
1060 2886 1139 2945 esso

125 2987 289 3064 arbitror,
312 2999 348 3050 ut
369 2984 500 3070 equites
521 2984 553 3049 in
576 2983 850 3057 contentionibus,
867 2980 1018 3071 civilibus
1037 3000 1059 3045 a
1080 2999 1139 3065 pe·

116 3101 472 3187 triciornmpnrtibus¹
494 3098 682 3180 storent⁸¹>.
726 3100 812 3164 Nem
830 3098 918 3184 quod
940 3097 1138 3183 Msrqnord·

128 3234 183 3289 tos
209 3220 279 3287 vult
309 3221 367 3304 (p.
392 3217 627 3304 12)‚‚equites
660 3216 835 3287 duodecim
868 3215 1093 3289 centuriarum
1108 3233 1138 3276 .e

115 3339 329 3423 ,primoribus
352 3335 496 3402 civitatis
517 3336 679 3420 scriptos,
699 3355 720 3398 e
741 3332 909 3405 nobilibus
920 3331 1047 3414 Latinis
1069 3349 1137 3394 me·

115 3456 217 3533 ,xime
236 3456 447 3532 constitisse,
478 3453 534 3538 qui
552 3450 701 3545 plebejis
729 3451 830 3516 multo
850 3450 1047 3534 superiores
1073 3447 1138 3545 sibi

130 3612 560 3733 ””’”’·79)’9.ῑ.ἶ”9’,ῑι’9.
937 3616 939 3621 ’

233 3749 286 3825 80)
326 3736 699 3825 neeler‚11,lp'.tto
721 3734 866 3804 An‘lnorlr'.
887 3738 956 3804 501.
998 3758 1013 3765 ··

233 3841 284 3916 81)
322 3840 391 3943 lqiv.
411 3838 461 3941 ¹¹³.
477 3837 524 3929 43
554 3835 685 3935 Dionys.
697 3834 752 3925 Vl’
764 3835 819 3941 34.
860 3918 865 3931 ⁸
