2466 4576
540 275 752 347 ⁴30...

139 471 288 545 pserunt.
328 462 422 527 Vera
441 475 552 530 autem
572 464 670 530 unice
689 466 776 533 ratio
797 464 885 532 bae'o
904 475 973 532 est:
990 466 1048 536 Au
1070 486 1148 537 uem

140 593 207 646 tom
228 580 378 646 Ramnes
406 601 428 646 a
447 580 591 648 Romulo
622 584 770 668 seriptos
791 583 934 651 foedere
954 604 1033 657 oum
1052 585 1148 653 Sabi-

138 701 191 765 nis
211 699 304 766 sarto
326 712 459 765 eentum
480 711 702 767 accesserunt
723 702 842 780 iiiios,
865 701 961 768 'i'ullo
982 715 1147 790 regnante

138 819 201 882 sub
227 819 359 883 nomine
382 812 553 896 Lucerum
579 830 713 883 eentum
733 819 867 884 Albani.
907 819 978 885 fles
999 821 1146 906 equitatu

138 935 308 1000 centurias
321 934 531 1021 Tarquinius
554 937 703 1014 Priscus,
730 938 977 1021 posterioribus
1006 938 1146 1005 Ramni·

135 1055 210 1132 bus,
232 1053 446 1133 Titiensibus,
468 1054 654 1119 Luceribus
675 1054 830 1139 adjectis,
843 1052 983 1121 numero
997 1054 1145 1140 dopttea·

134 1174 192 1253 uit,
214 1183 250 1238 ut
272 1192 401 1238 summa
422 1171 519 1238 fieret
539 1183 755 1239 sexentorum
778 1174 987 1258 equitumss).
1105 1196 1110 1221 =

240 1291 436 1376 Priusquam
458 1301 570 1357 autem
592 1293 634 1355 ud
647 1291 802 1357 Servium
815 1286 955 1355 Tullium
975 1310 1040 1359 uua
1064 1312 1144 1359 oon

132 1416 318 1486 vertamus,
357 1410 399 1473 de
433 1407 609 1473 Ciceronis
640 1409 719 1474 loeo
753 1407 911 1476 nonnulla
939 1408 1143 1477 dismrendo

131 1537 231 1605 sunt,
253 1526 309 1613 qui
328 1527 450 1612 legitur
471 1527 512 1591 de
534 1525 664 1611 republ.
690 1527 736 1606 ll,
757 1518 819 1606 no,
849 1529 907 1592 ubi
926 1529 1033 1595 verba
1052 1526 1141 1594 baeu

131 1654 224 1737 sunt:
246 1644 463 1730 „Equitatum
480 1642 714 1729 ¹(Tarquinius)
736 1644 779 1708 ud
802 1643 892 1709 hune
912 1664 1040 1712 morem
1058 1666 1140 1714 eon·

109 1760 252 1853 mit,
279 1760 335 1848 qui
361 1782 468 1848 usque
499 1761 611 1832 adhuc
642 1772 694 1826 est
729 1771 902 1838 retentus;
932 1782 999 1829 neo
1031 1767 1140 1848 potuit

2 1925 11 1935 -
129 1870 323 1946 Titiensium
369 1890 403 1944 et
440 1877 680 1945 Ramnensium
723 1889 758 1945 et
799 1880 967 1947 Lueerum
1007 1894 1138 1947 motare

128 2014 228 2084 quum
250 2007 392 2081 cuperet
410 1995 555 2075 nomina,
577 1997 668 2082 quod
688 2007 809 2064 auctor
831 1997 863 2063 ei
883 2018 1013 2064 sauma
1025 2018 1138 2085 augur

127 2115 237 2202 gloria
268 2116 368 2181 Attus
400 2116 524 2182 Navius
559 2136 628 2183 non
660 2129 742 2183 erat.
792 2118 905 2204 Atque
929 2118 1042 2184 etium
1070 2118 1137 2186 Go-

126 2234 268 2300 rinthios
295 2234 395 2300 video
423 2233 566 2317 publicis
588 2234 685 2318 equis
707 2235 925 2319 adsignandis
947 2246 982 2302 et
1001 2237 1136 2304 alendis

125 2355 282 2421 orborum
311 2363 346 2416 et
374 2352 547 2417 viduarum
579 2352 711 2417 tributis
738 2352 846 2418 inisse
870 2344 1036 2440 quantiam
1059 2357 1137 2423 diii-

125 2483 255 2559 gentes.
299 2471 369 2536 Sed
393 2481 505 2537 tamen
531 2471 701 2556 prioribus
733 2472 877 2556 equitum
903 2463 1056 2557 partibus
1078 2495 1133 2542 se·

124 2587 242 2653 cundia
273 2585 395 2651 additis
433 2604 465 2650 oo
487 2605 531 2650 ae
544 2608 579 2648 oo
607 2584 688 2651 feeit
712 2588 858 2673 equitem
891 2606 1133 2677 numerumque

127 2732 337 2746 D—-u—-n--n

196 2805 248 2881 44)
286 2803 388 2867 Atiam
421 2806 501 2867 viam
537 2805 577 2868 ad
613 2825 770 2868 numerum
797 2807 882 2870 MCC
917 2811 1131 2895 explicandum

121 2897 310 2963 Niebubrius
329 2898 361 2974 (1
381 2920 411 2980 p.
433 2898 512 2975 399.)
542 2900 702 2978 ingressus
725 2905 790 2973 est;
822 2920 860 2963 eo
883 2905 964 2965 enim
987 2903 1129 2969 effectum

122 3011 195 3054 esse
217 2991 297 3053 hunc
316 2985 472 3053 numerum
492 2990 572 3070 quod
596 3010 636 3051 ex
662 2990 798 3055 foederis
825 3015 892 3055 rum
915 2992 1036 3056 Latinis
1057 2996 1127 3079 iacti

120 3083 240 3163 iegibus
268 3088 331 3165 par'
347 3102 492 3146 numerus
512 3081 688 3145 Latinorum
714 3087 828 3147 romani
853 3087 1004 3148 exercitus
1023 3092 1057 3149 et
1074 3076 1127 3169 pe·

120 3175 233 3237 ditibus
260 3181 291 3237 ot
317 3176 471 3254 equitibus
496 3177 696 3238 accessisset.
745 3177 811 3239 Sed
836 3184 901 3239 tota
930 3168 971 3239 ‹ie
1001 3178 1127 3241 foedere

118 3268 231 3329 Latino
251 3269 390 3346 quaestio
410 3268 516 3348 paucis
535 3270 653 3330 absolvi
675 3272 783 3348 nequit
799 3276 830 3333 et
848 3290 966 3331 aureae
976 3288 1126 3333 commen·

117 3360 243 3421 tationis
269 3359 394 3420 consilio
420 3359 521 3421 aliena
546 3367 605 3421 est.
626 3395 664 3405 -
709 3361 811 3423 Posse
838 3361 960 3441 quidem
994 3382 1059 3423 rem
1085 3365 1126 3451 ita

116 3471 190 3513 sese
217 3451 332 3512 babere
363 3471 421 3511 nou
452 3471 546 3530 nego,
573 3454 751 3514 necessario
776 3460 877 3514 tamen
901 3473 940 3514 ex
962 3449 1019 3524 iis,
1047 3475 1125 3534 quae

117 3544 156 3605 de
180 3542 305 3605 foedere
332 3563 398 3604 oum
428 3543 550 3606 Latinis
579 3543 742 3622 Tarquinio
776 3550 922 3623 regnante
956 3544 1006 3607 vei
1032 3550 1125 3608 autea

116 3638 198 3698 iacto
216 3638 382 3716 scriptores
403 3636 544 3706 referunt,
568 3636 711 3716 (Dionys.
732 3637 791 3708 ΙΙΙ,
816 3637 855 3699 37
869 3670 901 3681 -
913 3639 964 3700 40.
986 3637 1122 3698 tii-ou.

114 3725 182 3789 Liv.
203 3729 233 3797 Ι,
254 3727 300 3788 38.
348 3727 459 3787 Festus
492 3727 713 3807 Septimontio)
746 3748 804 3788 non
840 3729 1044 3808 consequitur.
1088 3729 1121 3789 ld

112 3839 184 3880 vero
210 3826 352 3900 apparet,
377 3819 533 3880 Romanos
552 3821 689 3898 equites,
723 3828 754 3882 ot
782 3822 940 3883 Niebnbrii
966 3824 1121 3885 sententia

115 3930 186 3973 vera
205 3912 256 3981 sit,
277 3919 348 3973 tuno
366 3931 425 3972 uon
446 3911 517 3992 pius
535 3919 703 3975 sexcentos
722 3914 828 3976 inisse.
