2466 4576
563 273 770 335 ..38„.

215 576 267 649 11.
321 576 429 675 Quae
453 575 608 650 Servius
635 575 681 648 de
710 574 895 674 equitibus
916 574 1133 650 instituerit.
1174 683 1176 687 Ι

273 752 323 816 Ex
358 752 463 816 tribus
494 752 639 834 equiturn
674 750 831 814 centuriis
860 770 882 812 a
909 749 1093 832 Tarquinio
1121 773 1176 814 nu-

169 889 261 933 mero
283 868 459 953 duplicatis
485 867 625 933 Servius
652 866 781 932 Tullius
805 887 868 931 sex
893 864 974 932 fecit
997 867 1178 946 centurias,

170 1007 255 1072 quas
278 1007 342 1051 sex
369 986 529 1072 suffragia
550 986 745 1072 appellavit,
773 985 948 1048 duodecim
975 1005 1085 1050 novas
1102 1007 1178 1049 cen-

166 1105 270 1168 turias
300 1125 318 1168 e
348 1104 492 1190 plebejis
520 1092 722 1187 scripsitffl).
775 1101 886 1187 Atque
907 1102 929 1166 ii
951 1102 1101 1186 quidem,
1125 1104 1179 1187 qui

167 1232 226 1286 aut
245 1221 338 1286 Festi
364 1221 442 1286 loco
469 1220 551 1299 nisi,
585 1230 643 1283 aut
665 1220 845 1283 verborum
871 1218 1042 1282 scribendi
1071 1231 1105 1284 et
1130 1217 1179 1284 sa-

170 1340 278 1404 ciendi
304 1338 579 1423 interpretatione
611 1356 720 1420 prava
745 1324 878 1417 usi⁶³),
911 1355 931 1398 a
968 1333 1089 1401 Servio
1117 1358 1180 1402 sex

168 1467 293 1521 tautum
322 1454 491 1518 centurias
518 1453 649 1516 additas
673 1473 751 1517 esse
780 1462 1004 1530 censuerunt,
1029 1469 1061 1518 'a
1086 1455 1179 1551 Mar-

169 1573 310 1656 quardto
340 1571 396 1654 (p.
419 1570 463 1650 5)
499 1581 532 1632 et
554 1568 713 1633 Beckero
748 1569 807 1655 (p.
829 1568 914 1653 247)
944 1569 1028 1635 satis
1058 1570 1179 1636 validis

167 1686 371 1774 argumentis
398 1685 531 1750 refutati
557 1698 647 1767 sunt,
675 1706 763 1770 quae
790 1696 947 1771 repetere
970 1707 1180 1772 supervaca-

165 1825 265 1872 neum
293 1815 354 1870 est.
408 1805 443 1868 id
471 1814 597 1868 tanturn
623 1805 764 1870 addam:
796 1805 920 1889 Festus
932 1794 1004 1896 ⁶⁴),
1038 1816 1075 1870 ut
1099 1805 1178 1872 loco

165 1925 302 1990 laudato
330 1925 484 2010 adjectae
510 1923 567 1988 vel
595 1923 750 1989 adiectae
778 1923 966 2008 scripserit,
994 1937 1086 1990 erret
1108 1927 1180 2010 qui-

167 2044 243 2107 dem
267 2040 357 2104 hand
385 2041 495 2118 dubie,
521 2042 584 2105 sed
608 2041 698 2105 unde
726 2050 820 2106 ortus
847 2040 890 2105 sit
911 2061 1008 2105 error
1029 2043 1181 2126 perspici

166 2167 292 2243 potest.
348 2157 426 2241 lpse
458 2157 544 2220 enirn
573 2157 668 2220 dicit:
698 2157 881 2237 „Centuria
905 2159 942 2236 in
978 2177 1016 2221 re
1049 2157 1180 2223 militari

165 2273 332 2360 significat
346 2283 478 2338 centum
492 2273 644 2338 homines
652 2298 661 2350 3
670 2279 695 2311 “
717 2275 807 2358 quod
827 2275 857 2339 si
871 2273 1024 2339 Servium
1037 2274 1181 2340 Tullium

166 2392 391 2479 duodeviginti
425 2393 613 2471 centuriae,
645 2392 861 2477 Tarquinium
893 2391 979 2457 mille
1011 2392 1179 2458 ducentos

166 2510 295 2594 equites
319 2508 481 2573 habuisse
504 2507 596 2595 legit,
622 2488 788 2574 inde''sex
811 2519 937 2574 tanturn
964 2510 1135 2576 centurias
1158 2532 1181 2576 a

166 2625 285 2690 Servio
320 2625 450 2689 additas
486 2645 564 2690 esse
600 2647 662 2690 suo
699 2627 943 2711 quodammodo
971 2628 1051 2714 jure
1096 2649 1179 2693 con-

160 2741 257 2826 jecit.

270 2861 306 2923 ln
333 2861 558 2946 duodeviginti
580 2872 692 2926 autern
713 2863 871 2926 centuriis
898 2862 1061 2929 aServic
1083 2864 1178 2931 insti-

163 2978 260 3058 tutis,
292 2979 528 3064 distinguenda
555 2990 634 3045 sunt
666 3001 730 3045 sex
757 2978 919 3067 suffragia
953 3002 975 3046 a
998 2982 1176 3048 duodecim

164 3094 288 3160 ceteris
321 3095 477 3160 centuriis
487 3086 550 3185 ⁶⁶).
602 3097 746 3161 Primum
774 3096 860 3162 enim
881 3097 914 3161 in
939 3097 1080 3166 comitiis
1105 3099 1178 3166 suf-

169 3297 374 3308 ——----

268 3404 319 3474 52)
340 3403 404 3462 Liv.
418 3402 441 3474 1,
461 3403 508 3467 30.
528 3404 551 3474 Ι,
571 3404 624 3476 43;
645 3403 706 3465 Cic.
727 3406 754 3466 d.
778 3408 894 3488 republ.
916 3409 954 3480 ΙΙ,
974 3410 1020 3472 22.

266 3494 317 3570 53)
336 3494 404 3555 Liv.
426 3495 449 3562 Ι,
474 3494 520 3556 tt.

266 3588 316 3664 tt)
340 3587 407 3648 Sex
432 3586 578 3667 suffragia
601 3591 790 3670 appellantur
815 3595 843 3652 iu
867 3581 1007 3672 equitum'
1020 3597 1176 3667 centuriis,

163 3696 241 3755 qnae
261 3685 332 3740 sunt
351 3677 491 3739 adiectae
511 3681 541 3740 ei
565 3700 687 3740 numero
712 3685 930 3758 centuriarum,
950 3706 1027 3765 quae
1049 3685 1177 3750 Priscus

166 3770 349 3849 Tarquinius
371 3790 425 3830 rex
443 3773 612 3832 constituit.

268 3862 318 3934 tt)
339 3861 398 3923 cn.
417 3861 512 3939 Marq.
531 3883 560 3943 p.
578 3865 606 3922 5.
