2466 4576
456 271 666 335 ..47-

10 508 12 528 ,
63 452 1063 541 dispersoquoalendo,altercantemservodestinatafuerit.

64 574 186 640 Verum
199 574 290 639 aeris
304 572 474 637 hordearii
489 592 599 657 neque
611 552 820 648 vocabulum,
837 592 946 657 neque
958 574 1063 638 notio·

60 710 132 755 nem
143 688 352 757 inVarronis
364 690 476 754 verbis
491 691 615 768 inesse,
635 691 697 754 sed
714 690 988 774 interpretatione
998 690 1065 755 ista

59 806 289 875 iueeinfcrri
311 817 460 891 apparet
504 806 634 873 Verbas
659 827 778 893 equum
796 807 962 893 publicum
979 807 1066 875 mille

61 923 227 990 assarium
249 942 346 1001 esse,
369 933 527 1008 quantum
550 924 703 1009 equidem
725 924 842 1003 video,
863 922 944 988 nihil
965 924 1065 1008 signi*

59 1041 165 1104 ficare
187 1054 340 1124 possunt,
361 1040 424 1103 nisi
447 1060 567 1125 equum
584 1040 749 1124 pubiicum
774 1042 860 1107 idem
881 1041 996 1107 valere
1009 1052 1065 1106 at·

60 1178 124 1244 que
141 1157 234 1223 mille
255 1159 424 1237 assarios,
446 1178 518 1223 rem
542 1178 636 1236 esse,
664 1160 805 1243 pretium
827 1158 955 1226 habere
978 1161 1066 1226 mille

58 1277 277 1342 assariorum.
320 1275 356 1338 ld
383 1275 472 1358 quod
502 1285 597 1340 recte
622 1277 800 1360 perspexit
820 1275 991 1360 Zumptius
1013 1284 1064 1360 (p.

58 1392 130 1468 72„
153 1392 208 1477 qui
231 1412 250 1456 e
272 1391 349 1457 loco
373 1391 552 1466 Varronis,
572 1411 717 1475 quocum
738 1386 911 1471 coniunxit
927 1389 1064 1457 alterum

61 1508 206 1572 Charisii
225 1507 377 1594 (Putsoh.
400 1508 523 1592 p.58)z
544 1509 722 1590 „assarios
745 1509 954 1597 abantiquis
978 1511 1066 1575 dice·

58 1626 170 1704 batur,
192 1645 281 1690 nunc
296 1625 416 1690 dicitur
437 1632 515 1704 as“,
525 1631 527 1636 ’
538 1645 600 1690 aes
613 1637 770 1710 equestre
785 1629 964 1712 antiquitus
977 1626 1067 1694 mille

61 1743 188 1806 assium
209 1741 316 1807 fuisse
338 1742 490 1826 collegit,
514 1753 549 1806 et
569 1762 679 1828 aequa
701 1745 830 1808 ratione
846 1765 963 1809 omnes
976 1766 1065 1809 sum-¹

61 1881 154 1934 mas,
177 1879 263 1943 qnae
285 1879 305 1922 a
328 1859 447 1924 Servio
472 1861 509 1922 in
538 1863 644 1924 censu
669 1861 871 1924 instituendo
899 1861 1066 1927 classibus

61 1976 261 2061 praefinitae
282 1997 362 2043 esse
384 1976 568 2055 ferrentur,
589 1978 632 2040 ad
655 1978 816 2042 decimam
828 1988 956 2061 partem
979 1980 1066 2043 redi·

63 2095 196 2178 gendes
220 2114 300 2159 esse
321 2094 503 2162 contendit.
548 2096 647 2168 Quod
671 2096 719 2158 ita
740 2115 819 2160 sese
839 2094 967 2161 habere
988 2069 1066 2161 num

60 2234 80 2277 e
103 2210 180 2277 solo
201 2211 365 2276 Varronis
386 2208 464 2275 loco
484 2212 559 2296 jure
581 2210 691 2295 colligi
712 2213 840 2294 possit,
863 2232 1068 2298 nuncquae·

61 2328 203 2393 rendum
234 2339 296 2392 est.
340 2328 426 2392 Nam
454 2327 543 2393 aliud
573 2327 697 2393 nullum
725 2339 956 2414 argumentum
985 2331 1068 2394 satis

61 2446 226 2522 validum,
263 2464 329 2528 quo
352 2444 553 2509 sententiam
578 2463 673 2509 suam
700 2446 946 2528 comprobaret,
971 2446 1069 2509 Zum-

61 2562 152 2646 ptius
174 2559 291 2626 attulit.
335 2560 433 2635 Quod
457 2561 542 2624 enim
566 2561 600 2624 in
629 2561 722 2637 veris
741 2561 926 2626 Servianae
948 2563 1070 2628 aetatis

64 2679 203 2743 summis
238 2676 440 2762 quaerendis
475 2698 541 2741 non
576 2677 681 2742 solum
709 2679 797 2742 assis
818 2679 916 2763 pretii
944 2681 1071 2758 minuti,

65 2797 128 2860 sed
154 2796 251 2859 etiam
272 2805 444 2858 auctarum
463 2795 607 2858 civitatis
630 2795 815 2860 divitiarum
829 2796 990 2861 rationem
1012 2796 1070 2861 lia·

64 2912 208 2976 tendam
231 2930 309 2975 esse
332 2911 521 2974 contendit:
543 2910 577 2974 id
598 2911 696 3001 etiarn
718 2910 925 2975 Boeekhium
948 2932 1071 2996 nequas

66 3049 166 3114 quam
177 3027 370 3117 neglexisse
391 3048 434 3092 cx
459 3029 511 3106 iis,
529 3047 615 3112 quae
636 3048 740 3111 supra
762 3026 1072 3105 attuli,.satisclart

66 3146 199 3213 elucet
229 3146 356 3213 Locum
386 3159 496 3209 autem
516 3145 602 3210 Livii
636 3145 928 3231 (lV,'115)‘quem
956 3146 1072 3212 affert:

67 3264 255 3340 „lodicibus
278 3264 366 3327 dena
387 3263 487 3328 millia
506 3264 620 3348 gravis
641 3266 747 3343 aeris,
784 3285 871 3349 quae
902 3276 968 3330 tum
992 3266 1072 3331 divi·

66 3380 134 3445 tiae
153 3379 381 3458 habebantur,
411 3400 455 3446 ex
480 3382 611 3447 aerario
635 3389 833 3447 numerata“
864 3404 932 3448 non
962 3385 1073 3468 magni

65 3498 224 3563 momenti
247 3518 326 3564 esse
348 3499 509 3562 arbitror.
555 3498 671 3563 Livius
697 3499 798 3578 enim,
830 3501 885 3585 qui
912 3503 1003 3585 quod
1028 3503 1073 3566 ad

65 3635 273 3680 nummorum
303 3615 446 3699 pretium
478 3613 610 3693 attinet,
645 3625 830 3699 temporum
863 3617 1073 3702 antiquorum

66 3731 229 3795 rationem
252 3750 370 3815 parum
392 3741 597 3815 compertam
610 3728 787 3816 habuisse,
812 3733 853 3797 iis
868 3734 963 3818 ipsis,
984 3753 1075 3819 quae

67 3846 110 3910 de
135 3866 242 3913 censu
263 3847 429 3937 Serviano
457 3849 572 3927 tradit,
598 3848 764 3932 arguitur,
793 3849 859 3917 hoc
888 3849 966 3916 loco
993 3850 1075 3916 nihil
