2466 4576
503 268 713 333 ‚4:3..

61 475 73 523 t
120 461 159 515 tes
180 472 224 515 ex
242 451 282 516 iis
303 451 414 517 iectus
435 472 532 530 esse,
558 453 613 537 qui
643 451 819 515 rureximum
845 471 983 515 censum
1009 451 1111 516 hebe-

61 598 70 640 r
117 579 196 647 rent,
230 583 365 635 onustat
393 571 478 635 iuter
505 581 664 635 unctores
675 548 728 649 ⁶⁰).
773 569 872 642 Quod
892 570 1058 654 quomodo
1077 571 1110 634 in

61 734 63 742 ,
115 686 284 752 duodecim
307 687 513 773 plebejorum
528 688 687 767 centuriis
709 685 833 750 sautum
854 687 913 756 sit.
934 685 1034 750 facite
1052 707 1111 771 ap·

111 818 220 889 paret,
247 826 314 870 non
341 805 540 891 legebantur
562 805 648 869 enim
671 825 692 868 u
712 804 847 884 Servio,
871 805 933 869 nisi
958 807 1013 890 qui
1034 825 1111 870 een·

109 943 179 987 sum
202 933 331 989 eertum
352 922 528 987 haberent.
572 924 609 986 iu
634 941 696 985 sex
725 921 894 1007 suffragiis
919 934 1045 1002 autem,
1078 933 1114 986 ut

108 1053 194 1124 quae
215 1060 285 1105 non
313 1060 404 1103 nova
429 1060 450 1104 a
477 1040 609 1118 Servio,
634 1037 899 1120 instituerentur,
921 1041 982 1104 sed
1008 1039 1115 1105 forma

107 1154 254 1242 paullum
274 1165 400 1221 mutatu
424 1156 752 1232 eademmeuereut,
773 1154 819 1218 itu
842 1164 967 1219 tantum
990 1175 1113 1220 census

106 1274 192 1339 ratio
202 1272 401 1339 habitaesse
410 1282 532 1357 potest,
542 1273 927 1356 uonutquiueusumnou
936 1273 1112 1351 heberent,

108 1369 330 1476 ejicerentur,
351 1389 412 1453 sed
434 1399 486 1463 ut,
511 1387 644 1472 quoties
666 1409 789 1452 census
809 1399 983 1472 ageretur,
1006 1388 1049 1451 ad
1073 1408 1115 1452 ea

108 1503 311 1590 complenda
332 1525 415 1589 uon,
437 1505 501 1569 nisi
527 1505 580 1570 rui
602 1523 727 1569 census
746 1516 915 1588 equester
936 1516 1041 1584 esset,
1065 1505 1113 1571 le·

108 1631 258 1704 geretur.
300 1618 420 1684 Lectio
439 1618 525 1684 enim
552 1620 711 1704 equitum,
738 1639 838 1704 quam
859 1620 1037 1704 antiquitus
1058 1642 1114 1686 uu·

110 1735 234 1799 riarum
256 1731 363 1803 fuisse
385 1733 568 1818 Dionysius
588 1734 651 1812 (ΙΙ,
669 1732 736 1810 13.)
761 1736 878 1814 tradit,
902 1735 978 1801 inde
1000 1756 1021 1799 a
1038 1737 1116 1801 Ser·

109 1854 164 1917 vio
187 1853 281 1938 regis
302 1850 395 1917 suctu
413 1863 466 1917 est
481 1873 620 1917 censum
635 1852 778 1935 agentis,
799 1852 919 1917 deinde
932 1852 1116 1932 consulum,

110 1982 282 2056 postremo
307 1988 495 2036 censorum.
540 1967 697 2041 Ceterum
719 1990 818 2054 quum
828 1971 1028 2054 saepissime
1040 1992 1117 2037 eve·

110 2090 200 2166 nist,
231 2098 268 2151 ut
299 2088 388 2173 quod
417 2088 473 2151 diu
498 2088 565 2172 jam
596 2107 658 2171 per
685 2108 781 2152 usum
810 2086 884 2152 fleri
908 2087 1040 2153 solitum
1063 2089 1118 2170 sit,

110 2224 248 2290 semper
279 2215 316 2269 ut
347 2203 405 2269 fiat
427 2201 503 2288 iege
526 2204 716 2281 sentietur,
748 2215 816 2268 tum
842 2206 875 2269 iu
897 2205 964 2271 hau
991 2228 1029 2271 re
1055 2228 1118 2273 usu

109 2323 249 2390 venisse
283 2322 426 2388 videtur.
490 2321 620 2386 Etenim
657 2342 757 2405 quum
798 2321 911 2387 militie
951 2326 1118 2408 equestris

111 2441 203 2508 haud
226 2440 370 2526 exiguos
391 2451 544 2522 sumptus
566 2438 771 2523 requireret,
793 2439 865 2523 jam
895 2440 1077 2525 antiquitus
1099 2463 1118 2508 e
1204 2442 1212 2457 ⁸

114 2557 319 2624 diuitissimis
345 2557 476 2640 equites
504 2577 525 2620 a
554 2556 658 2620 curiis
685 2555 795 2621 leutos
828 2559 911 2622 esse
941 2558 1119 2625 verisimiie

114 2689 188 2754 est,
224 2675 272 2739 itu
293 2685 329 2738 ut
357 2673 513 2756 Servius,
535 2694 635 2759 quum
656 2694 727 2738 rem
750 2672 1119 2757 publicem-ordinaret,

113 2815 182 2859 uun
202 2811 342 2857 censum
353 2790 564 2881 eliquemxex
585 2791 723 2855 arbitrio
740 2810 822 2870 suo,
842 2793 910 2859 sed·
919 2813 1045 2872 eorum,
1067 2796 1123 2880 qui

113 2923 194 2977 tunc
210 2984 213 2989 ¹
231 2909 399 2992 ¹temperis
433 2908 564 2993 equites
593 2918 727 2986 esseut,
776 2908 895 2992 opibus
910 2966 913 2973 .
928 2911 1122 2993 adaptatum

119 3026 287 3114 equitibus
322 3023 475 3110 legendis
490 3022 735 3109 ·praefiuivisse
766 3026 935 3109 putandus
962 3028 1014 3093 sit.
1058 3027 1124 3101 Qui

118 3165 244 3213 census
261 3154 408 3229 quantus
427 3138 544 3220 fuerit,
565 3162 588 3207 a
608 3143 739 3208 nemine
761 3144 923 3222 truditur,
948 3145 1124 3210 maximum

120 3261 226 3327 inisse
246 3279 364 3325 omues
387 3260 611 3326 consentiunt.
640 3260 785 3326 Postera
807 3260 923 3329 aetate
937 3263 1124 3348 quadruplo

119 3352 369 3461 quum-primae
391 3374 515 3441 classis
538 3376 645 3458 major
666 3388 751 3445 erat.
867 3366 872 3375 ’

224 3493 407 3572 Omnibus,
439 3494 494 3578 qui
522 3494 553 3557 in
584 3495 737 3592 equitum.
760 3497 918 3593 uenturiis
935 3508 1044 3589 'erunt
1066 3517 1126 3564 nes

121 3771 304 3853 hereditarie
340 3773 410 3852 jure
448 3771 488 3832 ad
520 3780 662 3850 posteros
699 3772 843 3833 traditam
878 3791 951 3833 esse
975 3769 1024 3845 (1,
1057 3769 1128 3846 482)

121 3865 170 3926 uir.
194 3865 330 3961 Mudwig
348 3885 454 3945 opusc.
479 3865 501 3926 Ι.
522 3887 550 3944 p.
572 3863 619 3926 77.
639 3872 700 3925 not.
721 3864 748 3923 2.
