2466 4576
475 256 682 320 ..4ο-

77 469 210 533 quoque
223 451 425 534 pertinuisse
441 453 606 516 concedit
634 451 722 517 Dicit
742 451 828 514 enim
842 472 878 534 p.
891 448 931 512 2:
961 445 1084 527 „Ram

76 585 158 646 nes,
193 566 314 645 Tities,
348 567 501 633 Luceres
543 588 631 652 equo
673 569 866 645 merebant,
907 562 1084 628 clientibus

78 683 246 748 exercitus
272 685 433 768 pedester
458 683 667 749 efficiebatur
675 689 714 760 3⁶⁶
745 695 779 747 et
804 706 839 768 p.
863 682 902 745 5:
931 680 1087 762 „Nomen

78 801 302 864 centuriarum
342 804 385 865 ad
421 802 580 886 patricios
622 802 751 886 equites
793 800 988 864 decuriatos
1022 816 1088 860 non

79 918 287 1001 pertinebat,
322 939 463 1001 quorum
496 919 652 1002 antiquae
680 919 787 983 tribus
820 927 878 982 aut
918 912 1087 981 communi

79 1052 142 1099 sex
162 1033 398 1120 suffragiorum
424 1046 481 1100 aut
506 1057 569 1100 suo
583 1055 737 1119 quaeque
758 1032 1012 1110 Ramnensium,
1036 1028 1088 1092 Ti-

79 1151 243 1232 tiensium,
270 1153 437 1217 Lucerum
456 1154 588 1219 nomino
616 1150 811 1237 appellatae
830 1149 1011 1223 fuerunt;“
1034 1148 1092 1211 de·

80 1269 241 1366 niquep.
266 1271 303 1333 7:
340 1272 405 1351 „ln
431 1290 495 1336 sex
517 1269 686 1355 suffragiis
714 1260 813 1333 etiam
837 1266 997 1333 seniores
1018 1263 1090 1328 fue·

80 1397 169 1465 runt,
194 1387 357 1469 siquidem
385 1408 427 1451 ea
453 1390 494 1451 de
518 1407 642 1466 causa,
671 1362 739 1469 qua
764 1384 838 1449 fieri
864 1405 932 1448 non
965 1382 1087 1468 potuit,

80 1512 116 1565 ut
137 1513 273 1568 veteres
299 1502 376 1566 illae
403 1503 618 1588 patriciorum
647 1503 753 1567 tribus
780 1521 904 1566 nomen
931 1499 1091 1565 formam·

82 1638 147 1702 que
175 1620 398 1684 centuriarum
420 1621 632 1704 acciperent,
663 1620 762 1684 etiam
782 1618 939 1683 seniores
971 1637 1016 1680 ex
1043 1613 1096 1679 bis

80 1736 232 1801 tribubus
259 1737 293 1801 in
322 1738 491 1801 centurias
524 1736 694 1801 seniorum
720 1736 847 1820 primae
877 1732 1004 1798 classis
1034 1733 1094 1794 mi-

83 1874 186 1939 grare
228 1875 297 1918 non
341 1857 563 1939 potnerunt..“
630 1853 727 1926 Quae
773 1853 804 1917 si
844 1858 1100 1934 computantur,

90 1971 134 2032 ad
191 1969 452 2034 Niebuhrianam
509 1969 708 2034 sententiam
763 1969 918 2032 redeunt.
985 1965 1100 2050 Argu-

85 2096 198 2149 menta
237 2096 349 2150 autem
380 2087 621 2170 Marquardtus
654 2085 730 2170 ipse
757 2083 850 2149 nulla
881 2081 1000 2161 affert,
1026 2083 1092 2147 sed

82 2201 127 2264 ad
147 2200 355 2266 Huscbkium
378 2225 412 2287 p.
429 2202 494 2266 349
512 2222 577 2267 nos
590 2202 710 2287 rejicit.
763 2199 961 2266 Huscbkius
986 2208 1103 2264 autem

84 2319 129 2382 de
157 2318 248 2384 Festi
274 2318 354 2385 loco
382 2339 479 2404 quem
506 2340 612 2404 supra
633 2317 727 2383 attuli
760 2318 952 2383 disserenat
983 2316 1097 2397 „loci‚

82 2436 204 2520 inquit,
232 2438 400 2502 sententia
423 2438 572 2501 obscura
598 2445 632 2499 et
655 2435 787 2500 incerta
812 2444 885 2512 est,
912 2434 948 2497 id
971 2443 1105 2498 tantum

83 2571 126 2617 eo
159 2565 320 2638 apparet,
355 2555 501 2637 equitum
536 2563 649 2618 certas
684 2553 848 2636 quasdam
873 2563 995 2636 partes
1030 2572 1102 2616 non

84 2669 266 2747 centurias,
283 2671 346 2734 sed
360 2689 423 2735 sex
438 2668 601 2754 suffragia
616 2666 807 2752 appellatas
831 2670 948 2731 esse„“
977 2667 1096 2741 Quae-

82 2785 126 2848 rit
150 2786 282 2865 deinde,
309 2807 369 2852 cur
391 2786 591 2870 Tarquinius
613 2785 665 2849 bis
680 2785 825 2869 antiquis
847 2784 998 2867 equitum
1022 2805 1105 2870 par-

83 2902 171 2968 tibus
197 2903 280 2969 solis
301 2925 425 2970 nomen
446 2904 670 2968 centuriarum
682 2922 751 2967 non
777 2901 925 2980 dederit,
953 2911 990 2965 et
1017 2922 1099 2967 cau·

83 3029 158 3086 sam
179 3013 346 3114 affert⁵⁷),
367 3021 459 3105 quod
485 3020 657 3084 centuriae
677 3037 812 3095 nomen,
838 3018 1015 3102 pedestris
1039 3038 1099 3083 ex-

85 3136 210 3201 ercitus
237 3139 430 3221 proprium,
467 3156 582 3199 eorum
617 3133 764 3218 dignitati
795 3154 864 3197 non
897 3135 1100 3219 adaptatum

84 3249 216 3319 fuisset.
269 3252 400 3316 Nomen
428 3252 624 3330 „centuria“
650 3250 735 3313 enim
761 3271 829 3314 non
856 3270 877 3313 a
904 3248 1031 3316 Servio
1055 3253 1106 3316 in-

82 3377 230 3448 ventum,
257 3371 320 3432 sed
348 3388 390 3431 ex
423 3368 566 3450 antiquis
595 3367 644 3430 rei
679 3366 835 3450 publicae
868 3367 1030 3433 institutis
1059 3370 1103 3433 ab

85 3505 127 3549 eo
143 3495 329 3569 receptum,
354 3504 463 3567 neque
487 3494 598 3548 tamen
620 3485 663 3547 ab
679 3484 825 3566 equitatu
843 3483 983 3567 petitum
1000 3506 1105 3561 esse;

86 3601 215 3685 equites
243 3602 329 3664 enim
362 3621 429 3665 non
458 3621 476 3667 e
503 3601 667 3677 tribubus,
695 3599 760 3663 sed
790 3618 809 3661 e
847 3598 947 3663 curiis
978 3599 1105 3710 lectos,

88 3750 296 3761 —ae———a

193 3823 243 3898 57)
264 3824 322 3884 etr.
344 3845 375 3903 p.
397 3821 453 3886 108
472 3843 560 3900 seqq.
