2466 4576
516 297 728 362 -lb-

117 481 142 526 a
159 462 355 529 Lucumone
362 485 376 538 ς
401 466 475 548 quis
505 474 615 530 tamen
641 464 743 529 inerit
763 465 914 529 Lucumo
941 463 1128 548 ambigitur.

116 580 249 645 Ducem
281 579 450 643 Lucerum
487 601 562 644 eum
601 581 751 664 appellat
788 579 912 644 Paulus
942 579 1126 657 Diaennua,

117 694 250 763 Romuli
270 696 402 761 socium
424 695 531 762 fuisse
548 709 582 762 et
600 697 771 763 inSabino
794 696 924 781 proelio
946 697 1126 773 oeaidim,

118 812 238 879 Cicero
265 824 386 878 auctor
407 825 471 880 eat.
512 814 578 879 Alii
587 813 638 899 ¹³)
658 815 812 880 Luceres
834 836 896 880 eos
916 808 1031 881 fuisse'
1047 834 1124 879 een·

115 939 210 1007 nent,
237 931 348 1015 quiin
369 930 479 995 lurum
502 931 590 1015 asyli
613 930 844 1017 confugerint,
871 952 1000 1014 eosque
1019 931 1052 995 in
1076 931 1125 994 ci·

115 1050 252 1115 vitutem
280 1061 438 1130 receptos
472 1050 603 1112 tertiam
627 1049 746 1112 tribum
775 1048 933 1113 effecisse
960 1048 1122 1113 scribunt.

115 1166 238 1237 Festus
246 1165 286 1242 14)
310 1165 679 1250 deniqueLucerenses
700 1184 722 1228 a
738 1165 1020 1230 LuaeroArdeae
1041 1184 1124 1248 rege

115 1281 307 1366 appellatos
335 1302 415 1346 esse
453 1283 570 1359 tradit,
598 1283 652 1366 qui
683 1281 808 1345 auxilio
847 1280 946 1346 fuerit
978 1281 1123 1347 Romulo

115 1401 281 1471 adversus
311 1398 441 1463 Tatium
476 1397 622 1463 bellanti.
666 1399 842 1463 Postremo
875 1419 942 1463 nnn
974 1409 1123 1481 praeter·

115 1514 294 1579 mittendus
323 1525 376 1578 est
402 1514 533 1589 LiviuS‚
555 1515 746 1599 plerisque,
775 1535 861 1600 quus
888 1513 1001 1579 adhue
1028 1513 1123 1579 attuli

114 1632 310 1697 auctoribus
347 1629 415 1696 fide
441 1630 604 1697 historica
636 1643 834 1714 praestana,
875 1633 931 1717 qui
961 1652 1048 1695 unus
1082 1653 1122 1696 se

112 1750 249 1815 nescire
280 1748 414 1813 fatetur.
461 1749 630 1814 Lucerum
661 1757 708 1813 ait
741 1750 883 1814 numinis
917 1761 950 1814 et
983 1750 1123 1832 originis

114 1885 221 1931 eausa
241 1867 371 1931 ineerta
392 1876 447 1930 est
467 1866 522 1950 (Ι,
546 1864 620 1948 la).
663 1867 716 1930 Ea
736 1878 862 1944 autern,
885 1868 1036 1949 quaeda
1057 1867 1123 1931 Lu·

114 2004 232 2051 aarum
252 1983 380 2066 urigine
400 1993 579 2047 narrantur
599 1984 835 2069 conjungenda
863 1995 940 2048 sunt
967 2006 1042 2047 curn
1068 1984 1124 2062 iis,-

114 2119 201 2184 quae
229 2097 321 2163 haud
349 2099 458 2164 miuus
485 2100 581 2164 varia
610 2110 645 2163 et
670 2101 714 2161 ab
743 2098 817 2164 aliis
839 2097 907 2164 alia
930 2101 972 2164 de
992 2099 1122 2165 Tusco·

112 2237 185 2281 rum
212 2216 356 2301 quadam
386 2215 520 2283 colonia
545 2216 688 2283 Romam
718 2216 898 2302 aliquando
926 2202 1028 2282 dueta
1050 2238 1123 2282 me-

113 2336 239 2429 moriae
270 2335 466 2418 pruduntur.
510 2334 596 2399 Sunt
625 2345 736 2399 autem
762 2335 849 2399 baec
876 2335 962 2402 iere.
1008 2333 1120 2401 Varro

113 2452 156 2517 da
176 2450 291 2536 lingua
309 2450 412 2527 latina
426 2451 484 2529 lv,
506 2452 544 2516 8.·
594 2451 631 2516 in
644 2453 857 2529 Suburanae,
877 2450 992 2537 inquit,
1014 2453 1122 2536 regin

111 2569 164 2634 uia
187 2577 284 2651 parte
307 2569 469 2652 princeps
491 2579 544 2632 est
557 2566 691 2633 Caelius
713 2588 828 2647 mons,
842 2567 1120 2633 aCoelioViben-

106 2683 166 2748 nin
190 2682 321 2760 Tuaen,
349 2683 436 2748 duee
464 2682 584 2766 nobili,
610 2684 665 2766 qui
689 2704 764 2746 cnm
789 2703 852 2747 sua
878 2704 979 2749 manu
1001 2685 1120 2749 dicitur

108 2799 255 2866 Romulo
276 2801 413 2867 venisse
436 2798 558 2869 auxilio
580 2811 699 2864 eontra
721 2800 881 2866 Sabinum
909 2822 1033 2884 regern.
1076 2802 1123 2867 Hi

105 2935 188 3003 nott
218 2917 324 2985 Gnelii
355 2919 496 2997 obitum,
521 2917 620 3002 ,quod
651 2917 750 2987 nimis,
775 2920 898 2991 munita
923 2918 998 2985 loca
1026 2929 1118 2984 tene·

108 3048 200 3115 rent,
234 3057 344 3122 neque
372 3038 454 3115 sine,
471 3035 667 3133 suspieinue
693 3047 810 3101 essent
842 3037 975 3109 deducti
1002 3038 1118 3117 dieun-

106 3165 166 3233 tur.
205 3154 238 3219 in
282 3152 426 3236 planum,
459 3151 513 3215 Ab
554 3152 596 3217 iia
636 3152 745 3225 dietus
784 3153 880 3219 vicus
908 3154 1044 3220 Tuscus
1084 3169 1119 3221 et

108 3271 186 3334 ideo
214 3242 260 3339 ibi
286 3269 506 3333 Vortumuum
533 3280 640 3344 stare,
668 3271 759 3354 quod
783 3272 813 3347 is
843 3273 930 3339 deus
951 3273 1117 3343 Etruriae.

106 3385 212 3463 simili
240 3387 340 3451 tundo
359 3384 485 3451 Paulus
503 3385 681 3457 Diaconus¹
695 3386 835 3453 Coelius·
849 3411 963 3469 mons,
984 3391 1048 3468 ait,
1072 3393 1118 3463 di·

108 3515 183 3570 etus
209 3514 263 3568 est
288 3523 310 3568 a
338 3501 442 3568 Coeia
474 3503 619 3587 quodam
643 3525 685 3568 ex
706 3504 860 3585 Etruria,
889 3508 945 3591 qui
970 3507 1116 3573 Romulo

112 3685 316 3699 —n--u--u--u

111 3808 126 3845 ;.
144 3820 148 3833 .
163 3740 174 3815 s
199 3742 261 3866 ia>
285 3789 365 3850 rtur
384 3788 473 3850 nom.
496 3785 678 3848 narseuuo
692 3790 806 3851 amn.
824 3791 861 3851 rr
874 3740 937 3854 ue.
952 3756 1039 3854 v'en.
1053 3792 1075 3862 ι,
1088 3795 1115 3852 5.

94 3947 102 3964 ι
214 3878 523 3956 14)Ιιιωιοωοε.--
842 3904 895 3940 ·.
984 3930 989 3941 .
