2466 4576
465 280 674 349 ..qq,.

59 466 352 552 unaquaequitee
371 466 520 535 -riediaae
550 467 614 535 sibi
647 464 806 550 fingeretr
830 475 865 533 et
893 475 1073 551 postquam

59 586 182 655 eadem
212 587 325 669 eapite
354 595 425 651 tres
451 585 596 669 equitum
623 584 795 653 aeuturiaa
824 583 993 664 Ramnes,
1018 585 1071 657 Ti·

60 704 141 779 tiae,
181 703 337 773 Lucere·
377 702 566 787 appellatae
602 724 682 771 ease
713 703 826 773 retulit
854 703 1071 790 Luceresque

59 822 180 909 ipsae,
202 838 403 906 quamquam
422 821 512 887 uude
536 820 601 887 arti
622 822 692 889 sina
716 822 851 887 nescire
872 842 912 891 aa
933 821 1073 891 earrfita·

60 951 126 1023 tur,
148 940 275 1007 diserte
290 939 578 1018 commemoravit,
599 949 636 1007 ut
647 959 693 1007 ne
712 937 822 1009 fuisw
834 940 966 1026 quidem
979 942 1071 1026 equi·

61 1069 115 1124 tea
145 1077 206 1127 ex·
226 1056 301 1142 ajua
325 1058 494 1125 sententia
518 1066 599 1121 ante
623 1067 696 1125 trae
720 1057 847 1141 stirpes
871 1058 1074 1143 eonjunataa

61 1173 255 1240 manifeste·
273 1183 459 1257 appareat,
486 1172 559 1258 jam
597 1173 644 1239 ita
678 1174 839 1244 rationem
873 1174 1072 1255 institueret,

61 1292 291 1379 quasietatiaa
312 1291 357 1359 ab
377 1291 469 1366 initio
492 1301 664 1357 trecentae
687 1292 816 1377 equites
826 1291 991 1363 Romulus
1012 1292 1072 1358 he-

61 1411 205 1479 buiaeet.
256 1409 372 1494 ltaque
399 1410 478 1479 lieet
504 1407 706 1479 Plutarchus
733 1418 768 1475 et
787 1409 903 1495 Lydus
930 1410 972 1479 in·
985 1411 1073 1497 ejur-

62 1527 153 1593 modi
174 1544 326 1593 ruerem
345 1524 539 1602 inciderint,
561 1524 676 1591 Livius
698 1544 807 1610 aequo
829 1526 929 1597 moda
953 1525 1074 1610 lapsae

63 1664 144 1713 uasa
156 1643 325 1728 putandus
337 1661 406 1715 ιιοιι
420 1652 483 1711 eat
510 1643 625 1717 Quare
646 1643 798 1726 Zumptio
820 1654 854 1713 at
871 1643 1073 1731 Beckera⁴⁸)

64 1763 256 1838 ιιιιιιιιὶοιι,ι
274 1761 330 1845 qui
353 1759 587 1829 emendatione
610 1759 723 1826 laeum
744 1761 931 1829 sanandam
955 1774 990 1827 et
999 1782 1074 1865 m
1222 1766 1229 1783 ’·

64 1878 152 1945 mille
174 1889 208 1947 et
230 1878 412 1963 octingenti
432 1877 521 1942 mille
545 1889 579 1943 et
601 1877 735 1945 ducenti
757 1879 972 1947 scribendum
994 1870 1075 1955 auae
1075 1850 1102 1871 ’θ

63 2007 221 2074 censent,
243 2007 280 2065 ιιι
301 1995 386 2062 Livii
406 1996 494 2065 ratio
516 1994 597 2063 sibi
596 2005 740 2065 eouetet
764 1994 997 2080 corruptelam
1016 2019 1074 2069 au·

62 2128 130 2183 tem
157 2114 238 2186 laea
266 2114 380 2185 inesse
407 2115 549 2183 codices
569 2115 803 2183 demonstrare
824 2116 996 2197 ridentur,
1019 2118 1076 2202 qui

63 2252 185 2301 amaea
211 2241 349 2318 praeter
369 2230 560 2303 Madioeum
587 2243 621 2297 et
642 2231 907 2305 Wormsieneem
930 2233 1017 2307 mille
1039 2248 1074 2305 et

62 2350 210 2421 treaeati
229 2349 397 2439 exhibent

169 2467 357 2541 Emendate
374 2476 484 2536 autem
505 2466 590 2535 Livii
610 2464 686 2532 ioco
700 2487 762 2535 rea
783 2424 883 2533 facile
899 2468 942 2531 ad
960 2487 1075 2541 veram

62 2584 231 2655 rationem
252 2585 439 2653 addueitur.
481 2585 650 2659 Quantum
678 2585 764 2653 euim
788 2586 941 2670 equidem
963 2586 1076 2669 vidua,

64 2703 274 2786 deceperunt
306 2702 433 2766 Livium
469 2701 590 2766 Albani
626 2711 659 2766 et
695 2704 894 2767 necessario
931 2705 1075 2789 quidem,

63 2837 166 2902 quum
185 2827 223 2883 ut
244 2817 446 2882 Titiensibus
468 2816 644 2882 Sabinos
635 2828 682 2880 ιιι
703 2816 1075 2889 illoeLuear'ibuauon—

65 2933 164 3000 tineri
186 2944 255 2998 non
275 2935 413 3001 videret.
457 2933 532 3007 Quo
553 2933 679 3037 sautum
701 2945 768 3012 est,
798 2950 834 2999 ιιι
862 2937 981 3002 deeem
1007 2948 1076 3004 tur·

65 3072 142 3125 mas
164 3073 208 3118 ex
228 3051 370 3121 Albanis
390 3053 499 3119 laetos
522 3072 601 3120 esse
622 3033 806 3134 seriberet3
834 3074 932 3138 quem
961 3075 1077 3123 name·

65 3188 142 3241 rum
162 3171 206 3239 ab
228 3169 347 3239 iisdem
369 3148 562 3241 auctoratus
582 3169 755 3241 relatum
745 3172 889 3249 maeuii,
915 3192 936 3241 a
956 3174 1079 3259 quibua

69 3285 269 3352 Plutarchus
291 3298 326 3353 et
347 3287 464 3374 Lydas
491 3287 551 3353 toti
576 3289 782 3372 pendebant.
823 3289 908 3354 Nam
935 3292 990 3376 qui
1011 3304 1077 3359 tre·

68 3412 192 3470 centos
219 3405 365 3473 Sabinos
397 3406 529 3472 additos
560 3427 639 3472 esse
662 3418 833 3491 putarent,
861 3408 981 3491 iidem,
1014 3432 1078 3496 pra

64 3522 168 3593 tertia
189 3534 286 3608 parte
306 3523 458 3597 Albanos
480 3524 635 3610 adjectus
659 3545 738 3595 essa
758 3525 849 3595 haud
872 3527 961 3597 falsa
977 3530 1078 3601 arti·

66 3638 165 3718 trati,
190 3639 290 3705 etiam
313 3661 356 3706 ex
381 3641 422 3707 iis
444 3640 581 3707 totidem
603 3641 710 3709 leetar
732 3663 811 3709 eaae
840 3646 972 3730 equites
992 3648 1078 3715 aeri·

160 3866 277 3967 ¹⁴13)Z.
299 3912 329 3972 p.
349 3889 396 3969 75.
414 3878 489 3959 B.'t
510 3894 530 3954 Ι.
552 3914 582 3983 p.
595 3892 667 3975 tta.
711 3885 715 3891 ⁸
