2466 4576
416 42 421 55 'r

403 60 750 249 psi·

89 284 144 343 tus
161 297 299 363 matum,
322 283 470 371 equites,
496 279 659 368 populum
683 281 824 368 pristino
848 280 1011 349 libertatis
1031 301 1145 349 amore

115 400 316 473 ⁰{bendere
345 412 379 465 et
402 411 521 464 contra
552 399 733 507 *nium
766 401 975 488 conjungere
1009 403 1145 483 studuit,

129 516 308 593 fientibus
328 520 401 604 jam
427 517 578 582 omnibus
600 506 632 580 in
660 517 841 582 servitium.
893 517 1033 603 Equites
1056 539 1145 604 equo

89 637 270 705 &blico
303 637 349 700 ita
381 636 470 720 agris
505 633 619 699 divisis
647 635 686 697 L.
709 633 874 700 Antonius
897 636 1086 717 obstrinxit,
1111 648 1148 701 ut

89 759 282 825 wtucm
310 753 340 817 ei
364 760 557 835 equestrem
575 761 760 835 ponerent,
793 753 827 815 in
860 772 927 836 qua
951 753 1148 838 inscriptum

89 874 105 919 ἓ
130 873 227 955 prat:
256 872 433 951 „Patrono
443 872 468 906 “
479 858 523 898 ¹⁶⁶
534 857 562 960 )
614 867 698 933 Mox
722 868 877 953 Augusto
900 889 1011 935 rerum
1029 871 1147 955 potito,

89 995 238 1075 Qum
258 989 322 1052 sub
344 985 441 1050 unius
463 985 635 1069 imperium
660 1004 703 1048 ac
729 984 984 1050 dominationem
1005 1006 1064 1051 res
1085 1008 1148 1082 pu·

89 1092 228 1173 *Sica
241 1102 432 1181 cecidisset,
453 1112 487 1166 et
500 1100 688 1188 judiciariis
715 1101 984 1167 contentionibus
1000 1112 1034 1168 et
1046 1103 1149 1167 omni·

89 1210 204 1291 *us
230 1220 372 1306 partium
399 1204 633 1284 certaminibus
664 1217 739 1283 finis
761 1217 874 1284 iactus
897 1229 961 1284 est.

89 1340 129 1401 ι’-
247 1335 389 1420 Jamque
418 1335 462 1399 ad
495 1333 595 1399 finem
627 1334 838 1420 propositum
871 1336 1062 1402 dissertatio
1090 1335 1149 1401 ad-

89 1470 120 1515 ι,-·
140 1455 244 1521 ducta
271 1463 333 1519 est.
386 1454 422 1517 ln
449 1473 517 1537 qua
541 1451 703 1518 nonnulla
728 1453 861 1520 silentio
888 1455 1067 1539 praeterii,
1093 1475 1150 1534 nc,

89 1588 111 1639 ι
142 1593 229 1658 quae
260 1573 302 1636 ab
327 1570 399 1636 aliis
425 1570 508 1636 satis
536 1569 705 1654 explicate
732 1581 765 1635 ct
792 1581 952 1636 accurate
981 1573 1151 1657 disputata

89 1710 107 1757 r
142 1699 273 1768 essent,
300 1699 509 1774 repeterem,
531 1687 693 1753 nonnulla
719 1688 841 1773 paucis
867 1707 1071 1774 percurrere
1091 1710 1150 1755 co·

91 1832 101 1871 r
141 1816 239 1873 actus
266 1827 351 1886 sum,
375 1805 527 1890 quamvis
554 1803 695 1869 aliorum
719 1825 801 1870 cura
815 1804 972 1871 absoluta
995 1825 1074 1872 esse
1101 1805 1151 1870 vi·

89 1950 94 1971 ·
141 1925 277 2002 derem,
315 1941 359 1986 ne
388 1921 479 1986 filum
505 1920 738 2006 disputationis
763 1923 1018 2008 abrumperem,
1049 1921 1152 1988 multa

89 2072 92 2079 ·
140 2040 291 2105 breviter
317 2038 420 2124 attigi,
442 2037 593 2122 quamvis
608 2038 799 2103 uberiorem
820 2037 1077 2125 explicationem
1089 2039 1152 2105 sibi

140 2175 291 2243 poscere
312 2156 517 2240 viderentur,
537 2173 581 2218 ue
599 2153 687 2219 fines
702 2154 934 2240 disputationis
951 2157 1152 2224 constitutos

144 2272 348 2338 excederem
376 2282 410 2337 et
448 2292 471 2336 a
502 2272 680 2356 proposita
713 2273 905 2339 narratione
946 2277 1151 2340 aberrarem.

141 2390 287 2457 Laboris
309 2399 420 2455 autem
444 2389 586 2473 impensi
611 2409 665 2454 me
690 2410 759 2455 nou
777 2391 972 2475 poenitebit,
997 2394 1040 2473 si,
1059 2393 1154 2457 ubia

145 2506 283 2586 ceteris,
311 2526 452 2590 quorum
470 2507 505 2570 in
531 2507 652 2571 eadem
671 2527 709 2570 re
737 2528 819 2570 cura
833 2518 972 2573 versata
999 2520 1064 2590 est,
1086 2509 1152 2575 dis·

144 2623 251 2702 sensi,
276 2643 399 2688 causas
425 2621 621 2707 probabiles
644 2621 809 2702 attulisse,
835 2624 891 2688 ubi
911 2623 996 2691 alios
1013 2635 1152 2692 secutus

145 2761 232 2821 sum,
254 2741 345 2805 haud
369 2742 482 2828 inepte
496 2739 707 2829 judicavisse
727 2741 878 2807 videbor.

147 2910 358 2922 ...-—-·-.-——

257 2998 324 3076 rot)
341 2999 405 3061 otc.
430 2997 566 3082 rrrrpp.
591 2997 645 3071 vn
663 2998 691 3059 t.
712 2995 781 3069 vu,
800 2997 828 3060 o.
846 2997 875 3059 o.
