2466 4576
506 251 776 325 ...os-

169 442 269 506 tionis
292 439 446 504 instantis
458 458 593 503 sensum
617 447 651 501 et
666 435 967 520 reprehensionem
984 426 1185 500 acicerone

171 557 334 623 Africano
359 557 512 621 tributam
537 575 629 644 esse
677 553 730 618 De
759 551 919 637 singulari
944 561 1055 629 cutem
1083 573 1184 618 sena·

170 686 277 740 torum
293 674 390 760 jure,
413 656 647 759 suffragiorum
667 673 700 736 in
724 672 871 756 equitum
890 658 1049 736 centuriis
1067 656 1184 736 'feren-

173 795 291 858 dorum
313 814 412 878 quum
433 813 539 875 supra
560 772 644 856 setis
667 791 788 855 dictum
811 789 870 868 sit,
893 800 1017 866 restat,
1048 800 1083 853 ut
1106 810 1184 875 quu-

172 911 215 1002 lis
234 909 336 976 fuerit
353 920 398 976 et
420 909 562 983 utilitas,
586 929 685 993 quum
708 907 873 974 sublatum
894 907 952 986 iri,
970 919 1015 975 et
1039 909 1183 994 largitio,

171 1050 269 1115 quem
292 1029 409 1115 quaeri
431 1027 547 1110 Scipio
572 1025 741 1110 queritur,
771 1023 884 1110 paullo
911 1025 1048 1117 uberius
1077 1046 1184 1111 expo·

172 1125 280 1214 natur.
310 1146 460 1221 Utilitas
482 1158 592 1211 autem
613 1144 822 1210 hauddubie
844 1144 940 1212 ineo
957 1144 1182 1235 positu-eret,

172 1266 262 1351 quod
285 1275 483 1352 senatores,
501 1284 598 1349 quam
623 1263 677 1327 diu
699 1262 1093 1346 insequimincentuniis
1111 1261 1182 1329 sul·

172 1383 273 1469 fregit
294 1381 429 1448 ferendi·
440 1383 499 1467 jus
521 1380 708 1465 habebant,
727 1392 774 1444 et
796 1380 994 1448 auctoritate
1017 1393 1051 1445 et
1071 1392 1184 1447 aetate
1220 1361 1223 1365 ’

173 1500 347 1586 plurimum
370 1501 404 1564 iu
425 1501 466 1564 iis
484 1497 645 1581 ¹valebunt
671 1518 854 1584 secumque
876 1498 1055 1564 trahebant
1070 1499 1184 1585 junio·

173 1639 246 1682 rum
268 1615 444 1701 suffragio3
467 1614 599 1683 sublato
622 1628 735 1681 autem
757 1614 823 1681 hoc
839 1616 918 1701 jure
939 1615 1011 1681 fieri
1033 1636 1101 1687 uon
1124 1637 1184 1701 pc·

173 1736 247 1813 tuit,
277 1735 355 1819 quin
391 1745 425 1799 et
452 1735 602 1817 ipsorum
635 1755 696 1818 per
719 1735 846 1818 primae.
866 1732 990 1800 elassis
1014 1735 1184 1805 centurias

175 1853 402 1944 dispersorum
425 1852 457 1916 in
475 1852 619 1919 comitiis
631 1853 835 1919 centuriatis
846 1853 897 1917 vis
912 1854 1128 1932 minueretur,
1151 1862 1185 1917 et

175 1971 321 2056 equitum
340 1971 517 2041 ,centuriae
539 1968 673 2034 facilius
701 1970 745 2033 ed
772 1981 889 2054 partes
912 1970 1185 2039 adversariorum

174 2090 448 2153 traducerentur·
475 2089 550 2152 Non
572 2110 638 2173 quo
662 2088 694 2152 in
716 2089 909 2155 universum
926 2087 1185 2173 -senetustequi

174 2218 309 2291 tumque
344 2206 563 2280 concordiam
593 2205 870 2292 hocsslplebiscito
904 2206 1090 2277 sublatam..
1104 2226 1187 2277 usse

174 2324 333 2402 arbitrer,
353 2343 430 2388 num
441 2323 608 2408 equestris
631 2335 666 2388 et
686 2325 845 2389 senatorii
856 2324 1188 2411 ordinistliscitlium,

175 2444 267 2528 quod
294 2453 548 2527 postea-ortum
576 2454 645 2521 est,
676 2464 743 2507 non
771 2451 838 2507 tom
863 2443 908 2509 ud
934 2443 1065 2528 equites
1096 2463 1187 2529 equo

146 2550 149 2556 ’
175 2557 310 2642 publico
339 2579 437 2644 quarn
460 2560 505 2623 etl
536 2560 733 2642 publicanos
753 2560 965 2652 pertinuisse!
982 2580 1063 2627 mor
1078 2578 1189 2645 uppu-

173 2677 274 2752 rebit3
296 2696 405 2761 neque
421 2698 485 2762 quo
510 2697 725 2762 permagnam
746 2665 880 2745 senatui
899 2677 1047 2768 cludere,
1057 2676 1188 2762 jureio

176 2796 336 2882 equitum.
353 2797 513 2861 centuriis
546 2795 697 2880 suffragii
716 2796 856 2863 ‚ferendi
891 2797 1044 2885 dempto,
1060 2794 1188 2865 illatam

176 2935 256 2981 esse
278 2916 434 2992 credam,
451 2918 533 2979 num
555 2914 657 2983 multo
676 2914 754 3000 plus
776 2917 845 3002 jum
859 2925 963 2983 antea
983 2915 1189 2999 auctoritate

144 3011 145 3014 Ἴ
176 3043 212 3096 et
231 3033 340 3116 gratio
370 3053 468 3118 quam
491 3034 610 3116 paucis
632 3032 697 3117 illis
717 3032 886 3120 suffragiis
899 3033 1187 3110 ⁴uoluminum-ueri

175 3160 285 3228 tamen
303 3158 359 3212 et·
371 3147 495 3213 utilitas
523 3147 634 3233 aliqua
660 3160 733 3213 erat
761 3149 794 3214 in
816 3151 1014 3235 quibusdum
1036 3150 1188 3234 quemvis

175 3266 297 3351 paucis
325 3266 487 3330 centuriis
520 3266 611 3330 haud
645 3267 743 3331 dubie
772 3269 952 3352 regnandi,
987 3277 1021 3332 et
1038 3267 1187 3341 ,honoris

177 3382 303 3469 aliquid
328 3385 472 3469 positum
500 3405 578 3449 esse
606 3384 783 3450 videbatur
809 3388 842 3450 in
876 3386 1071 3470 praecipuo,
1099 3384 1187 3462 loco,

173 3523 277 3596 'quem
300 3523 406 3587 usque
442 3503 484 3564 ud
518 3500 586 3567 hoc
613 3512 746 3591 tempus
778 3513 956 3571 senatores
987 3503 1019 3569 iu
1043 3505 1187 3577 mutuo

180 3594 352 3685 comitium
374 3617 609 3686 obtinuissent,
654 3619 704 3684 ltu
731 3630 844 3685 eutem
867 3621 911 3689 de
932 3618 1058 3711 haere
1079 3629 1188 3695 stutu-

177 3757 256 3812 eus,
279 3734 481 3800 multumne
506 3734 758 3822 uMarquardto
771 3737 961 3814 discedere,
980 3736 1088 3834 probe
1102 3735 1188 3816 scip,

176 3855 252 3938 qni,
271 3853 448 3938 plebiscito
470 3851 527 3917 illo
548 3874 614 3919 non
631 3842 706 3933 'tum
727 3856 814 3938 porti
834 3854 990 3939 populari
1011 3872 1188 3940 quamue·
