2466 4576
508 286 717 351 ...45-

115 488 255 537 summas
277 483 389 537 antem
411 469 485 535 illas
499 470 732 555 explicandas,
755 488 841 556 quas
852 468 905 535 alii
929 470 1014 535 alias
1034 493 1110 555 pro·

113 601 292 674 posuerunt
317 590 486 668 rationes,
508 587 705 654 enumerare
736 599 770 652 et
800 587 948 653 refutare
977 589 1112 674 longum

113 707 223 789 est⁶⁶).
267 707 378 772 Unice
397 725 510 770 veram
532 707 620 770 viam
632 704 827 770 Bceckhius
845 705 1020 792 ingressus
1041 715 1112 783 est,

111 823 159 908 qui
182 823 223 908 (l.
245 823 265 888 1,
290 847 324 908 p.
346 823 426 907 427)
448 843 566 888 omnes
584 842 749 901 summas,
773 842 859 908 quae
882 842 903 887 a
924 822 1044 887 Servio
1065 822 1112 886 in·

108 943 242 1007 stitutae
264 961 344 1006 esse
364 941 556 1017 tradantur,
577 961 643 1005 uon
668 939 822 1006 Serviani
843 941 1003 1025 temporis
1024 961 1113 1019 esse,

108 1059 167 1123 sed
192 1059 280 1123 sexti
301 1059 395 1123 urbis
418 1056 546 1122 saeculi
569 1059 792 1135 demonstrat,
820 1077 920 1137 asse,
945 1057 999 1142 qui
1021 1058 1112 1123 initio

107 1175 238 1243 libralis
254 1186 338 1254 erat,
360 1175 403 1239 sd
417 1185 548 1240 sextam
568 1174 674 1239 librae
695 1185 825 1258 partem
838 1175 1018 1240 deminuto.
1037 1176 1114 1249 Qun

107 1294 200 1361 lactc
224 1313 385 1359 censuum
407 1313 573 1372 summas,
595 1294 750 1378 quoniam
772 1293 861 1358 assis
883 1293 991 1376 pretio
1013 1295 1113 1357 immi·

106 1421 187 1476 nuto
210 1422 244 1475 et
263 1412 358 1494 ipsas
379 1411 522 1474 minutus
546 1431 625 1474 esse
644 1408 734 1476 nullo
758 1410 857 1474 modo
882 1410 974 1475 credi
994 1410 1113 1494 possit,

107 1528 183 1612 pari
205 1528 334 1592 ratione
356 1527 531 1609 augendas
547 1524 672 1603 fuisse3
699 1546 808 1611 neque
830 1525 938 1592 solum
961 1528 1036 1610 pari
1058 1547 1113 1592 ra·

107 1646 200 1710 tione
221 1643 254 1710 h.
277 1665 309 1712 e.
336 1627 399 1709 serr
424 1644 576 1727 partibus
596 1644 658 1707 sed
681 1644 789 1728 magis
810 1644 928 1720 etiam,
952 1644 1115 1729 siqnidem

107 1761 345 1826 crescentibus
365 1760 484 1825 civium
509 1761 629 1844 opibus
659 1761 757 1824 etiam
781 1779 918 1824 censum
949 1761 1115 1826 classibus

108 1877 252 1962 singulis
273 1878 469 1962 ampliorem
494 1876 705 1961 praefinitum
735 1896 814 1941 esse
846 1875 957 1960 colligi
988 1878 1117 1943 debeat.

109 1993 237 2059 Contra
251 1995 342 2060 aeris
355 1997 497 2079 pretinm
518 1992 688 2079 paullatim
709 1995 869 2073 crevisse,
886 1994 933 2058 ita
952 2006 989 2060 ut
1003 1995 1117 2080 viginti

109 2107 211 2173 millia
222 2094 455 2194 pondcaeris,
463 2109 573 2176 Servii
587 2109 806 2194 aetatepaulc
815 2110 892 2195 plus
903 2113 1117 2196 septuaginta

57 2216 61 2225 ’
109 2237 271 2313 quatuor,
305 2238 403 2293 sexto
429 2229 522 2293 urbis
551 2226 689 2293 saeculo
717 2226 818 2313 paulo
849 2230 959 2294 minus
984 2242 1116 2296 centum

107 2345 331 2430 quadraginta
363 2346 427 2408 tria
463 2345 576 2429 pondo
609 2345 740 2428 argenti
768 2342 903 2410 fuerint.
954 2345 998 2410 Ut
1034 2367 1116 2412 vero

109 2464 260 2527 summae
283 2461 471 2526 efficiantur
490 2460 620 2527 solidae
644 2473 677 2527 et
698 2461 888 2545 simplices,
915 2483 1075 2528 numeros
1097 2484 1119 2528 a

110 2579 333 2663 scriptoribus
354 2578 482 2644 relatos
503 2599 569 2643 uon
591 2578 635 2641 ad
654 2588 785 2643 sextam
808 2589 964 2663 partem,
977 2581 1040 2646 sed
1061 2593 1119 2647 aut

111 2697 155 2760 ad
189 2696 350 2761 decimam
385 2706 443 2760 aut
475 2697 517 2760 ad
546 2696 689 2781 quintam
719 2697 923 2781 redigendos
943 2718 1034 2767 esse.
1076 2698 1126 2763 Et'

112 2815 156 2878 ad
178 2813 345 2878 decimam
366 2814 497 2899 quidem
520 2825 648 2895 partem
675 2815 705 2877 si
731 2816 942 2898 redigantur,
972 2817 1119 2882 minores

112 2929 221 3009 effici,
251 2950 349 3016 quam
378 2928 431 2995 vel
459 2950 520 3014 pro
543 2929 652 2995 Servii
675 2934 834 3014 temporis
853 2932 983 2996 ratione
1005 2934 1120 2998 verisi-

112 3047 191 3114 mile
211 3047 271 3126 sit,
295 3048 339 3111 ad
368 3047 514 3132 quintam
546 3057 656 3111 autem
680 3046 837 3110 redactas
860 3057 893 3111 et
916 3049 959 3109 ad
982 3047 1120 3113 Servia-

111 3187 190 3232 uam
200 3175 346 3230 aetatem
369 3166 548 3248 adaptatae
571 3185 662 3242 esse,
685 3176 813 3229 etcum
828 3186 997 3246 eccensu,
1021 3187 1119 3253 quem

115 3282 291 3361 Solonem,
325 3305 424 3368 quum
451 3283 610 3367 populum
642 3282 896 3350 Atheniensium
920 3285 953 3348 in
988 3285 1121 3352 classes

114 3401 343 3479 describeret,
374 3399 557 3466 instituisse
597 3410 745 3485 constet,
777 3403 900 3487 optime
931 3405 1121 3469 convenire.

113 3518 366 3584 Postericribus
388 3528 498 3582 antem
522 3519 744 3601 temporibus,
765 3518 831 3584 hac
852 3520 982 3585 ratione
999 3521 1122 3585 cousti-

219 3789 271 3866 65)
292 3788 351 3851 cn.
371 3789 511 3852 Niebuhr
533 3789 562 3862 l,
580 3789 647 3851 486.
668 3789 721 3860 ΙΙΙ,
738 3791 805 3854 un.
840 3791 991 3856 Huschke
1010 3814 1039 3876 p.
1058 3794 1125 3860 36⁸.

113 3886 211 3951 Peter
230 3885 378 3968 Epcchen
400 3907 431 3967 p.
450 3885 497 3946 ll,
519 3959 522 3964 Α
