2466 4576
506 280 715 348 ..73-

108 485 248 550 ctionem
273 478 462 567 perfectam
487 483 571 545 esse
595 485 739 542 censent
748 463 823 557 ¹⁰⁶),
847 483 880 537 et
899 471 1021 540 Cicero
1041 492 1111 540 non

61 652 63 661 .
107 601 245 669 stultos·
261 620 341 680 cos,
374 598 429 684 qui
455 596 566 684 legem
596 597 796 674 suaderent,
829 594 893 659 sed
925 595 1112 679 improbos,

105 721 329 799 turbulentos,
355 718 536 785 seditiosos
562 716 770 795 vocavisset,
795 725 829 779 et
849 734 919 778 rem
941 716 1023 780 tanti
1043 720 1114 780 mo-

107 840 207 906 menti
234 835 352 924 plnres
375 835 564 920 scriptores
590 833 773 898 memoriae
798 832 1036 918 prodidissent

215 953 350 1020 Perlata
384 964 495 1018 autem
528 952 705 1038 rogatione
727 951 883 1038 juniores
924 962 1049 1016 tantum
1074 954 1114 1018 -in

106 1075 253 1161 equitnm
293 1072 452 1137 centuriis
490 1068 598 1136 fuisse
636 1079 799 1155 apparet,
836 1079 937 1153 atque
978 1072 1114 1159 egregie

108 1192 327 1262 confirmatur
346 1189 438 1270 ioco,
460 1190 515 1273 qui
540 1187 662 1275 legitur
685 1188 719 1251 in
742 1187 784 1261 Q.
801 1186 975 1253 Ciceronis
1002 1188 1115 1256 libello

109 1314 153 1378 de
178 1310 341 1397 petitione
367 1306 564 1375 consulatus
591 1307 693 1392 (cap.
720 1305 784 1390 8),
818 1307 874 1370 ubi
906 1307 949 1371 de
972 1306 1116 1393 equitum

111 1429 270 1496 centuriis
298 1426 464 1508 „facilius
490 1426 605 1511 inquit,
629 1422 687 1490 iiia
708 1423 1037 1491 adulescentulorum
1059 1448 1117 1493 ae·

110 1558 165 1613 tae
196 1547 240 1611 ad
262 1545 436 1610 amicitiam
455 1543 688 1632 adjungitur.“
716 1540 864 1608 Senator
889 1541 999 1610 iactus
1028 1548 1118 1631 apud

111 1664 287 1752 proximos
325 1683 493 1729 censores
529 1680 651 1747 equurn
679 1661 869 1726 reddidisse
901 1654 1118 1749 videtur¹⁰²).

112 1782 215 1858 Quod
228 1792 340 1847 autem
351 1780 532 1846 Suetonius
547 1789 674 1860 narrat,
686 1780 782 1844 senio
804 1778 954 1864 insignes
972 1781 1005 1844 in
1028 1783 1119 1867 equi·

113 1912 182 1966 tum
208 1899 366 1965 centuriis
391 1897 535 1984 Augusti
565 1906 676 1961 aetate
701 1894 827 1976 fuisse,
858 1897 890 1960 id
921 1916 963 1962 eo
996 1896 1121 1965 iactum

113 2037 195 2085 esse
221 2017 365 2094 videtur,
394 2017 486 2101 quod
506 2013 628 2080 multos
650 2035 715 2099 per
740 2036 862 2094 annos,
889 2014 1041 2084 civilibus
1064 2038 1121 2083 se·

114 2136 294 2201 ditionibus
326 2134 555 2214 turbulentos,
590 2134 735 2218 equitum
768 2154 894 2200 census
921 2145 1018 2201 actus
1053 2158 1122 2204 non

114 2244 271 2345 ereum).
572 2258 575 2265 '

222 2360 332 2427 Venio
355 2381 445 2425 nunc
472 2361 515 2425 ad
542 2360 651 2445 legem
671 2361 873 2447 judicariam
906 2361 942 2428 O.
966 2361 1123 2444 Gracchi,

116 2499 206 2544 anno
237 2479 484 2544 sexcentesimo
517 2479 687 2562 trigesimo
725 2478 831 2562 primo
858 2499 887 2545 a.
909 2501 939 2543 u.
961 2500 988 2546 c.
1010 2481 1124 2568 iatam,

116 2617 184 2683 qua
216 2597 353 2682 judiciis
387 2596 495 2661 ordini
533 2597 681 2681 equestri
721 2597 852 2665 traditis
881 2594 1052 2682 publicani·
1075 2602 1124 2667 'ab

117 2716 329 2800 optimatium·
346 2715 498 2799 partibus
520 2715 633 2782 eversi
648 2729 732 2780 sunt.
774 2715 851 2790 Qua
870 2716 959 2803 lege,
981 2739 1049 2804 quo
1069 2738 1127 2785 ac·

118 2833 283 2915 euredus
303 2831 382 2916 quid
405 2841 564 2895 mutatum
587 2830 646 2908 sit,
668 2833 906 2916 perspiciatur,
928 2855 995 2898 uon
1023 2837 1066 2900 ab
1089 2858 1127 2901 re

119 2969 201 3017 esse
223 2948 374 3027 videtur,·
388 2967 507 3032 penes
529 2968 615 3033 quos
640 2968 684 3012 ex
710 2949 1128 3036 antiquissimistempori

120 3204 214 3252 nere.
256 3183 332 3248 Duo
355 3192 465 3247 autem
488 3204 587 3268 quum
600 3202 777 3248 causarum
800 3185 867 3249 sint
889 3204 1026 3270 genera,
1049 3185 1143 3252 olte·'

122 3323 195 3367 rum
228 3302 449 3387 privatarum,
482 3301 622 3401 aiterum
656 3301 895 3389 publicarumt„
904 3304 1033 3397 judicia
1065 3306 1130 3391 pri·

123 3431 203 3484 vata
250 3418 488 3505 antiquissimis
543 3414 769 3502 temporibus·
801 3440 913 3503 penes.
954 3421 1132 3507 pontifices

111 3750 114 3757 ,
234 3687 302 3763 106)
325 3687 551 3773 Marquardtp.
573 3688 663 3761 252.¹
751 3752 771 3767 ,Ι

232 3779 301 3859 107)
321 3780 455 3863 Madwig
475 3802 506 3862 p.
527 3780 573 3840 85.
615 3772 735 3858 Zumpt.
756 3801 785 3860 p.
805 3779 853 3841 88.
869 3828 888 3855 ,·
1016 3803 1018 3810 ¹

234 3872 302 3950 108)
321 3871 441 3934 Becker
462 3872 502 3943 ii,
525 3872 539 3931 l
563 3893 592 3952 p.
611 3871 679 3931 257.
700 3877 752 3932 not
771 3873 820 3931 22.
