2466 4576
519 278 707 344 ..s-

190 463 327 550 Equites
338 460 471 530 Romuli
489 463 589 528 etiam
598 460 739 527 Celeres
754 459 946 545 appellatos
958 478 1038 524 esse
1050 458 1117 522 Pli-

107 583 195 659 nius,
220 580 373 663 Servius,
396 578 523 646 Paulus
546 579 720 645 Diaconus
739 582 951 660 testantnrt).
984 577 1117 642 Nomen

108 698 296 764 ducendum
317 707 370 764 est
389 716 411 761 a
432 717 558 783 graeco
570 699 703 762 nomine
725 694 830 777 κέλης,
853 695 986 761 aeolica
1007 693 1119 770 forma

108 815 203 900 κέληρ
224 816 302 909 (der
321 814 471 892 Renner,
494 812 763 899 ultmnpferd),
785 833 928 898 quocum
949 809 1117 876 vocabulo

108 931 245 1000 latinum
267 931 467 1021 adjectivum
489 931 633 1012 ,‚celer“
656 931 926 1017 conjungendum
952 949 1031 995 esse
1059 947 1119 1012 ap·

108 1047 255 1132 paret⁷).
289 1049 399 1122 Quum
423 1059 532 1115 autem
544 1048 685 1116 Celeres
706 1068 728 1113 a
749 1047 920 1112 ministerii
946 1045 1120 1112 celeritate

111 1165 221 1231 dictos
243 1185 321 1232 esse
343 1164 430 1232 falso
452 1176 624 1252 putaretur
635 1169 679 1251 ⁸),
702 1165 826 1251 quippe
852 1184 992 1248 quorum
1014 1182 1121 1247 opera

109 1280 272 1350 Romulus
294 1304 376 1348 usus
399 1293 503 1362 esset,
525 1292 562 1348 ut
582 1303 668 1367 quae
688 1303 771 1348 usus
788 1282 949 1367 exigeret,
969 1279 1121 1346 velocius

111 1397 277 1478 facerent,
300 1401 377 1465 inde
398 1410 503 1464 totum
524 1399 602 1464 illud
625 1401 668 1464 de
690 1401 853 1466 trecentis
875 1400 1012 1463 armatis
1034 1406 1121 1463 com·

111 1525 254 1582 mentum
283 1526 390 1580 ortum
423 1536 502 1606 esse
538 1518 685 1596 videtur,
717 1537 804 1602 quos
829 1515 993 1582 Romulus
1023 1516 1122 1601 quasi

111 1631 294 1718 graeculus
324 1643 490 1719 tyrannus
517 1631 562 1698 ad
593 1634 748 1718 corporis
775 1634 962 1698 custodiam
993 1653 1062 1697 non
1088 1633 1121 1696 in

110 1748 200 1815 bello
222 1747 330 1815 solum
356 1753 418 1816 sed
450 1751 549 1817 etiam
577 1751 612 1815 in
634 1771 721 1834 pace
741 1770 857 1816 secum
874 1750 1035 1815 habuisse
1057 1748 1123 1814 (le-

50 1869 53 1873 ’
110 1866 269 1956 laresque
291 1867 517 1954 appellavisse
542 1868 695 1947 traditur,
716 1887 816 1953 quam
839 1887 970 1932 uranum
994 1866 1124 1954 plurimi

112 2004 224 2049 rerum
239 1987 424 2070 scriptores
441 1984 484 2048 ab
507 1984 673 2069 equitibus
694 1984 911 2069 distinguunt,
932 1983 1123 2069 Lydus⁹)e

113 2103 275 2167 trecentis
291 2102 434 2167 scutatis
456 2101 624 2187 peditibus
648 2101 841 2168 constitisse
859 2096 986 2166 narrat.
1020 2100 1123 2167 Solus

19 2212 22 2218 ’
111 2210 297 2305 Dionysius
315 2220 364 2284 ita
384 2219 546 2304 loquitur,
569 2232 606 2284 ut
628 2221 767 2305 exejus
790 2221 958 2285 sententia
981 2217 1124 2285 Celeres

113 2336 251 2400 eosdem
278 2347 379 2421 atque
408 2347 479 2401 tres
506 2337 651 2420 equitum
681 2336 851 2402 centurias
882 2335 990 2401 fuisse
1017 2355 1124 2422 appa·

112 2462 196 2520 reat.
237 2451 284 2521 At
306 2453 335 2515 si
358 2451 432 2537 quis
449 2451 615 2537 ejusmodi
644 2452 797 2537 corporis
818 2453 978 2518 custodes
998 2452 1124 2517 Romu·

112 2567 180 2633 lum
210 2568 371 2637 habuisse
400 2569 609 2653 persuadere
640 2570 704 2634 sibi
731 2569 867 2652 poterit,
897 2569 961 2632 sibi
986 2567 1123 2648 habeat,

113 2685 348 2754 idteueudum
370 2698 423 2752 est
444 2699 502 2753 aut
524 2686 652 2771 equites
678 2683 786 2752 luisse
808 2693 866 2751 aut
889 2684 1030 2751 Celeres
1055 2706 1123 2752 non

115 2823 194 2869 esse
215 2802 434 2887 appellatos·
462 2803 604 2869 Videtur
624 2815 735 2870 autem
753 2802 907 2898 Celerum
932 2824 1053 2869 nomen
1073 2803 1124 2870 la-

114 2921 180 2985 tius
202 2921 302 2986 etiam
325 2921 487 3006 patuisse.
527 2920 619 2988 Dicit
647 2922 734 2985 enim
754 2900 922 2985 Paternus
943 2922 1036 3006 apud
1055 2920 1124 3005 Ly'-

115 3037 192 3104 dum
212 3036 236 3117 I,
257 3037 295 3102 92
321 3023 467 3122 ΙΚελερίῳ
489 3034 549 3103 τινὶ
573 3032 657 3103 οὔκω
681 3039 873 3124 καλουμένῳ
906 3037 963 3120 τὴν
990 3041 1053 3105 redu
1079 3040 1125 3106 ict-

114 3150 218 3221 rtoro'r‘v
239 3149 394 3234 φροντίδα
418 3150 618 3235 παρέδωκεν·
646 3150 744 3238 ναῦνῃ
767 3155 1011 3237 συνεκδοχικῶς
1038 3147 1126 3232 ἅπας

114 3263 132 3331 ὃ
168 3266 303 3350 στρατὸς
341 3264 475 3350 κελέριοι
513 3265 580 3333 edre
608 3272 936 3356 προσηγορεύθησαν·
972 3285 1006 3337 et
1031 3284 1126 3338 certe

115 3426 323 3444 ‚·-·—.-.

149 3510 152 3515 ’
217 3512 248 3590 6)
268 3514 307 3574 ad
322 3515 451 3576 Aeneid.
466 3516 522 3578 XI.
534 3516 602 3581 603.
629 3519 664 3581 Ρ.
678 3520 717 3583 D.
730 3521 869 3593 Celeres,
884 3522 963 3585 Plin.
975 3523 1125 3595 XXXIII,

113 3603 133 3667 2
162 3601 293 3685 Dionys.
315 3603 352 3676 ll,
373 3605 418 3666 13.
848 3636 850 3642 ·

218 3695 250 3772 7)
270 3695 357 3785 Sery.
378 3697 418 3758 ad
437 3700 569 3761 Aeneid.
592 3702 648 3772 XI,
668 3702 735 3763 603.

186 3798 189 3805 '
215 3786 250 3862 Β)
273 3785 355 3848 Plut.
373 3787 463 3850 Rom.
485 3789 535 3849 26.
714 3816 733 3825 <·
778 3815 782 3821 ·

221 3878 252 3958 ll)
272 3879 312 3939 do
332 3891 414 3957 νιος.
437 3878 461 3951 1,
481 3879 509 3939 9.
