2466 4576
519 264 747 328 ..23-

114 448 267 532 gentium
298 448 330 511 iu
355 459 510 515 secatum
539 447 735 531 receptione
770 448 998 534 conjungere,
1029 449 1124 536 quasi

113 564 259 630 alterum
281 563 419 631 alterius
441 565 544 631 fuerit
564 584 686 643 causa,
715 586 824 651 oeque
855 566 948 650 ipsas
977 567 1123 633 minores

114 695 240 768 gentes
268 703 291 747 a
317 681 497 770 Tarquinio
520 704 539 749 e
561 683 661 768 plebe
683 683 851 749 institutas
880 704 959 749 esse
978 684 1121 752 referre.

111 798 311 886 &demque
331 801 432 866 morio
449 799 631 888 Dionysius
658 812 790 865 cautum
815 800 889 867 illos
915 803 948 867 in
971 814 1125 870 senatum

112 919 307 985 adscivisse
329 918 543 1005 Tarquinium
563 917 664 996 εὐθὺς
685 913 760 1006 ἅμα
782 919 826 1003 νῷ
846 927 1046 1007 παραλαβεῖν
1067 920 1125 1004 risu

114 1035 228 1123 ἀρχὴν
240 1038 352 1116 tradit,
375 1048 446 1103 tres
464 1038 570 1104 tribus
583 1058 693 1104 novas
707 1039 930 1104 constituendi
948 1039 1124 1105 consilium
1220 1018 1224 1028 ⁸

112 1163 236 1237 postea
256 1151 330 1220 aori
348 1172 463 1238 regem
483 1149 626 1239 cepisse
638 1164 762 1222 narrat.
794 1155 892 1228 Quod
915 1164 1026 1220 autem
1045 1155 1122 1222 loco

112 1272 229 1355 priore
252 1270 349 1350 dicit,
376 1281 509 1336 centum
539 1271 633 1336 viros
663 1271 696 1335 iu
722 1281 875 1336 senatum
907 1270 1121 1358 Tarquinium

111 1385 240 1471 legisse
268 1405 312 1450 ex
333 1386 485 1452 omuibus
511 1386 672 1472 plebejis,
693 1387 725 1452 iu
748 1387 867 1472 quibus
891 1398 948 1452 aut
969 1386 1121 1455 bellicam

111 1503 268 1571 virtutem
290 1513 348 1568 aut
367 1522 479 1568 rerum
501 1503 709 1588 publicarum
731 1507 884 1591 peritiam
906 1505 1051 1592 aliquam
1073 1508 1120 1571 iu·

112 1641 194 1686 ease
214 1620 349 1698 viderit,
366 1619 454 1686 huuc
476 1642 550 1687 eum
572 1622 620 1687 rei
633 1622 889 1707 explicationem
914 1624 955 1690 de
976 1645 1039 1691 suo
1062 1626 1121 1689 ad·

105 1739 238 1824 jecisse
260 1759 368 1824 neque
392 1737 467 1823 plus
479 1737 558 1803 fidei
569 1737 697 1804 habere
717 1740 873 1819 arbitror,
895 1761 993 1826 quam
1009 1762 1120 1807 exem·

111 1855 157 1942 pii
186 1877 293 1922 causo
329 1857 413 1921 mira
438 1856 508 1937 illa,
531 1876 618 1944 quae
640 1858 730 1923 idem
761 1859 802 1922 de
835 1857 968 1924 Romuli
999 1873 1119 1925 senatu

110 1974 234 2058 partim
254 1974 297 2038 ab
318 1974 394 2058 ipso
407 1993 499 2060 rege,
519 1975 640 2059 partim
661 1997 684 2040 a
702 1977 866 2060 tribubus,
887 1978 1008 2061 partim
1022 1996 1043 2039 a
1064 1997 1120 2042 cu·

110 2091 169 2157 riis
197 2091 288 2157 lecto
321 2092 502 2157 memoriae
529 2093 684 2178 prodidit.
729 2092 849 2160 Cicero
875 2104 985 2160 autem
1011 2094 1119 2179 ipsam

111 2228 186 2275 earu
215 2209 261 2275 ob
290 2228 428 2274 causam
459 2209 492 2274 iu
520 2229 669 2276 errorem
698 2211 830 2287 incidit,
852 2212 941 2297 quod
964 2232 1051 2297 quae
1073 2211 1118 2277 illi

110 2328 345 2406 distinxerunt,
368 2328 583 2393 commiscuit.
627 2328 753 2394 Omnes
775 2339 885 2394 autem
906 2328 1120 2394 difficultates

109 2464 253 2529 prorsus
274 2441 448 2522 tolluntur,
482 2445 512 2509 si
533 2443 687 2509 Luceres
707 2443 861 2510 Albanos
882 2442 989 2508 fuisse
1009 2444 1118 2516 credi·

108 2583 200 2639 mus3
222 2573 302 2627 tuuc
326 2562 412 2627 enim
430 2563 571 2647 primum
593 2583 659 2627 uon
680 2563 778 2628 nimie
801 2562 869 2640 diu,
892 2572 1071 2647 postquam
1083 2565 1117 2626 iu

107 2682 275 2749 civitatem
290 2681 454 2760 venerint,
476 2681 627 2749 Luceres
640 2693 780 2748 senatus
803 2682 986 2768 participes
1007 2658 1117 2748 ¹faetus

107 2819 189 2867 ease
210 2809 368 2884 apparet,
401 2799 524 2863 deiude
552 2821 571 2865 a
598 2798 697 2885 plebe
731 2799 839 2865 lectos
870 2820 951 2864 esse
985 2809 1118 2864 centum

106 2916 186 2984 illos
198 2928 376 2983 senatores
398 2917 489 3002 quod
499 2917 713 3002 scripserunt
733 2926 900 2992 auctores,
917 2917 1033 2980 mirum
1048 2934 1118 2982 nou

109 3048 181 3114 ost,
217 3056 316 3121 quum
347 3034 499 3102 Albanos
526 3035 636 3121 plebis
667 3046 795 3119 partem
823 3054 902 3099 esse
925 3033 1115 3111 crederent.

107 3153 185 3218 Jam
208 3152 328 3237 paucis
350 3162 399 3231 ut,
429 3172 516 3237 quae
539 3154 581 3217 de
602 3153 769 3218 Lucerum
806 3151 934 3236 origine
962 3151 1118 3230 disserui,

112 3267 335 3350 complectar,
361 3268 448 3333 haec
475 3268 548 3334 fere
579 3268 698 3342 effecta
721 3290 799 3334 esse
826 3270 995 3334 videntur:
1022 3267 1119 3333 Tullo

108 3383 252 3451 Hostilio
279 3398 445 3472 regnante
478 3387 511 3452 in
541 3387 708 3452 civitatem
738 3387 879 3470 recepti¹
893 3397 971 3452 suut
997 3385 1120 3451 Albani

108 3513 143 3569 et
162 3504 298 3569 nomine
318 3505 485 3570 Lucerum
514 3504 612 3567 tertia
634 3523 715 3586 pars
737 3501 861 3586 popuii
882 3503 980 3567 tertia
1001 3502 1120 3579 tribus,
1212 3553 1216 3560 Α

109 3619 246 3687 fiebant.
288 3620 331 3684 Et
351 3641 450 3706 quum
470 3618 607 3702 aliquod
635 3639 697 3702 per
725 3629 857 3704 tempus
881 3618 1016 3682 minoris
1038 3616 1118 3682 iuis·

108 3749 185 3805 seut
216 3737 305 3822 juris
318 3786 328 3820 ,
361 3737 518 3820 optimum
550 3735 693 3800 civitatis
725 3735 780 3821 jus
814 3754 875 3818 per
905 3733 1119 3816 Tarquinium

109 3854 262 3920 Priscum
283 3853 374 3919 nacti
396 3863 484 3932 suut,
508 3854 564 3937 qui
586 3862 718 3918 centum
750 3872 793 3916 ex
819 3851 860 3916 iis
886 3851 919 3914 iu
940 3860 1056 3935 patres
1076 3849 1121 3915 le-
