2466 4576
462 265 666 331 ..15-

162 449 226 516 Cui
255 449 466 528 sententies,
492 469 591 534 quom
615 470 635 514 e
659 448 904 515 recentioribus
937 444 1069 513 llusch·

53 569 133 635 kius
156 566 319 646 defendit,
341 568 374 632 id
390 568 532 632 maxime
551 566 676 651 opponi
692 586 798 651 posse
819 565 960 649 videtur,
979 564 1071 650 quud

55 708 98 752 ex
131 685 193 764 iis,
219 687 277 770 qui
309 683 399 751 nulls
432 704 608 750 sacrorum
631 684 814 769 stirpisque
839 683 1069 749 commuuione

50 805 162 891 juncti
183 805 331 889 undique
354 802 602 889 confugissent,
631 804 799 889 quomodo
821 822 887 868 una
909 822 995 887 gens
1016 799 1071 866 vel

56 923 184 1001 tribus,
208 921 305 986 tertia
328 919 441 1005 populi
464 939 546 1004 pors
566 941 654 1005 quse
680 931 789 998 esset,
819 918 893 984 fieri
914 919 1069 1004 potuerit,

58 1060 202 1125 prorsus
227 1059 297 1105 non
323 1037 523 1124 intelligitur.
564 1038 663 1103 Licet
685 1038 778 1104 multi
802 1039 948 1123 undique
970 1057 1069 1102 vene-

56 1159 138 1235 rint,
166 1154 247 1221 licet
278 1156 429 1219 venerint
462 1155 595 1239 quidem
626 1164 683 1220 eut
718 1154 841 1239 opibus
871 1152 974 1218 validi
1012 1163 1070 1219 sut

57 1285 157 1359 gente
179 1273 347 1357 insignes,
372 1272 454 1338 licet
480 1270 630 1337 nonnulli
649 1273 736 1337 inter
759 1272 919 1357 patricios
942 1271 1070 1354 recepti

59 1395 219 1476 optimum
234 1389 379 1455 civitatis
394 1391 455 1474 jus
475 1390 590 1474 adepti
603 1390 680 1467 sint,
699 1387 936 1455 multitudinem
958 1398 1070 1453 tomen

57 1509 258 1592 indigestum
282 1527 344 1591 pro
360 1507 460 1571 tertie
479 1519 576 1591 porte
597 1506 700 1573 celsis
714 1507 912 1586 anuibus‚
934 1507 1069 1594 religio·

57 1626 104 1692 sis
126 1623 266 1691 Sabinis
281 1624 436 1708 junctam
455 1643 534 1690 esse
559 1623 738 1693 verisimile
763 1644 832 1691 non
862 1637 925 1692 est.
967 1630 1013 1691 At
1038 1625 1069 1692 si

58 1743 131 1828 quis
153 1739 293 1818 dixerit,
313 1738 422 1807 fuisse
448 1758 486 1807 re
508 1760 590 1806 vere
609 1740 762 1808 Luceres
784 1743 840 1808 diu
860 1742 997 1808 minoris
1012 1743 1068 1826 ju·

58 1859 122 1936 ris,
149 1869 184 1923 et
213 1855 314 1923 multo
335 1870 414 1942 post
436 1858 568 1925 demum
588 1869 728 1925 seustus
750 1858 932 1943 participes
958 1856 1069 1925 lectos

59 1996 154 2055 esse,
175 1975 266 2041 unde
288 1974 399 2059 colligi
421 1986 479 2041 eut
499 1975 608 2059 possit
619 1988 678 2041 ent
698 1976 820 2043 debeat
837 1977 1069 2043 obscuriorem

61 2103 92 2158 ct
110 2091 320 2159 humiliorem
342 2113 458 2158 eorum
479 2092 640 2177 originem
666 2093 793 2161 fuisset
820 2104 931 2160 temen
953 2095 986 2160 io
1009 2115 1069 2159 cu-

59 2211 115 2277 riis
134 2208 325 2275 sustentet
346 2209 442 2295 equis
463 2212 652 2289 merebant,
671 2212 701 2277 si
722 2211 809 2294 fides
832 2211 988 2281 labenda
1009 2233 1068 2277 nu-

59 2327 223 2405 ctcribus,
243 2328 321 2392 iude
341 2329 384 2393 cb
405 2326 520 2407 initio,
543 2328 577 2393 id
600 2329 689 2413 quod
710 2349 819 2416 neque
840 2330 875 2395 iu
896 2329 983 2414 asyli
1006 2330 1068 2393 ad-

58 2464 166 2513 venas
185 2464 297 2531 neque
318 2446 352 2511 in
365 2445 554 2511 Tuscorum
573 2444 664 2511 illem
684 2447 720 2513 io
739 2445 1066 2532 plnucconstitutsm

58 2573 116 2627 sut
135 2581 180 2629 co
201 2561 381 2627 deductam
400 2561 567 2627 colonium
591 2562 743 2647 quadrat.

140 2678 263 2744 Restat
282 2690 321 2745 ut
341 2677 586 2763 etymologicus
606 2679 751 2749 rationis
769 2678 848 2762 quid
868 2679 948 2743 insit
969 2678 1068 2757 iniis,

58 2816 146 2882 qnae
163 2795 528 2878 duLucerumorigitte
540 2795 641 2879 vulgo
656 2797 847 2880 traductur,
857 2815 1067 2882 quaeremus.

58 2913 224 2988 Quamvis
243 2924 355 2979 eutem
378 2912 510 2977 difficile
537 2913 583 2978 sit
606 2914 650 2983 de
675 2913 877 2998 etymologis
905 2933 1069 2999 quaerere

55 3034 89 3097 in
111 3031 303 3099 nominibus
324 3033 450 3108 tuscis,
477 3032 574 3116 cujus
594 3029 730 3115 linguae
759 3042 827 3097 tem
853 3032 977 3118 exigno
998 3050 1068 3097 mo-

55 3160 216 3213 numents
244 3159 444 3233 supersunt,
471 3159 508 3213 ut
533 3170 577 3214 ne
608 3151 663 3216 cui
688 3135 784 3234 stirpi
812 3151 944 3236 quidem
963 3169 1068 3216 eunu-

57 3265 221 3328 merandu
240 3267 285 3331 sit
306 3265 390 3331 satis
412 3267 501 3331 inter
521 3267 613 3332 viros
640 3267 761 3333 doctos
784 3274 935 3333 constet:
956 3279 1070 3334 tamen

56 3381 115 3466 qui
145 3402 265 3450 nomen
291 3382 461 3449 Lucerum
489 3405 509 3449 u
535 3366 729 3451 Lucumone
768 3383 958 3451 ducendum
991 3408 1069 3453 esse

55 3510 179 3585 putant
199 3512 320 3586 aperte
345 3523 465 3570 errore
495 3505 661 3569 videntur.
704 3505 790 3569 Nam
812 3504 893 3571 licet
918 3505 1070 3591 ejusdem

57 3616 173 3701 stirpis
190 3619 360 3685 vocabule
381 3620 462 3696 sint,
500 3629 611 3686 tamen
636 3621 684 3684 ita
708 3621 797 3686 inter
819 3642 859 3687 se
881 3616 1070 3688 collectore

54 3754 131 3831 non·
144 3746 307 3819 possunt,
339 3749 376 3803 ut
390 3737 568 3831 Luceres,
599 3738 696 3825 quasi
728 3738 897 3826 adjective
916 3738 1027 3805 forma
1049 3761 1071 3806 u

53 3852 208 3920 Lucumo
221 3855 379 3934 deductu,
401 3856 566 3942 significet
576 3840 930 3931 Lucumonis'msuum
948 3857 1004 3925 vel
1015 3879 1072 3925 so·
