2466 4576
515 291 724 361 ...35-

61 472 62 486 ¹
143 496 146 503 -
212 455 342 526 Verum
360 471 431 525 utut
452 480 531 527 seso
552 461 640 529 haec
661 464 801 543 habeut,
833 465 1025 530 accuratius
1052 466 1120 545 ubi,

117 596 196 661 quae
222 577 266 641 de
288 578 434 663 equitum
451 599 589 644 numero
602 579 723 647 Cicero
746 581 862 661 relert,
880 583 1119 648 considerave-

112 696 224 773 rimus,
243 694 367 778 partim
384 704 495 761 textus
505 697 733 768 conditionem
746 717 821 763 eam
837 699 922 785 esse}
934 700 1120 784 apparebit,

110 823 149 876 at,
168 812 255 876 certi
278 813 457 898 quidquam
487 831 531 877 ex
559 834 602 878 eo
625 814 733 900 colligi
757 817 892 882 omuino
921 816 979 882 vix
1004 818 1123 903 possit,

109 932 330 1014 partimquao
342 929 465 1009 tradat,
477 947 499 992 a
513 941 704 996 ceterorum
726 934 925 998 testimoniis
944 946 1010 998 tam
1021 934 1122 1019 longe

108 1031 273 1112 recedere
300 1044 461 1124 elucebit,
491 1060 535 1111 :ut
563 1046 661 1114 fidem
688 1049 730 1114 iis
758 1050 906 1117 tribuere
932 1051 1033 1117 valde
1063 1053 1122 1117 tlu-

107 1164 207 1229 bitari
238 1163 372 1230 debeat.
414 1163 563 1249 ,Primum
593 1165 679 1229 cuim
710 1165 740 1230 is
766 1163 883 1244 locus,
911 1187 976 1252 quo
1001 1168 1044 1252 tie
1065 1167 1122 1233 Al·

106 1282 204 1347 banis
232 1299 256 1344 a
282 1279 380 1346 Tullo
416 1279 540 1344 additis
573 1279 730 1346 Ciceroni
763 1281 942 1347 dicendum
979 1295 1063 1360 erat,
1093 1285 1123 1348 si
1198 1336 1201 1342 ,

107 1399 242 1484 quidem
263 1396 398 1462 omuino
419 1397 464 1461 do
486 1395 552 1461 hac
573 1417 612 1462 re
633 1408 841 1482 compertum
864 1398 942 1485 quid
962 1398 1121 1478 habebat,

106 1525 198 1580 totus
216 1515 396 1580 intercidit
441 1513 576 1578 Deinde·
601 1515 632 1578 in
653 1515 753 1589 loco,
785 1516 828 1581 dc
856 1536 922 1602 quo
942 1537 1032 1583 nuuc
1056 1518 1122 1583 dis·

106 1633 270 1711 serimus,
293 1628 458 1715 permulta
482 1629 667 1698 offendunt.
711 1631 824 1700 Verba
846 1633 967 1717 prima,
989 1635 1020 1699 si
1038 1635 1123 1701 iute-

106 1768 167 1832 gro
184 1748 315 1834 judicio
333 1746 603 1825 considerautur,
627 1747 707 1814 nibil
727 1748 920 1833 siguificare
943 1769 1048 1834 possa
1062 1752 1121 1843 st

108 1868 228 1933 deutur
263 1865 327 1930 nisi
361 1866 405 1930 de
439 1865 587 1950 equitatu
622 1876 700 1949 post
733 1865 947 1951 Tarquinium
986 1866 1119 1932 omnino

107 1982 185 2050 nibil
207 1992 368 2048 mutatum
391 2001 488 2058 esse3
507 1983 668 2067 quodriis,
691 2002 779 2067 quae
802 1983 845 2049 dc
869 1983 988 2049 Servio
1020 2006 1120 2070 quum

108 2104 150 2167 ab
172 2099 262 2166 -allis
292 2110 360 2165 turn
387 2089 409 2163 a
436 2099 600 2167 Cicerone
623 2100 699 2182 ipso
723 2101 821 2184 (cap.
844 2100 910 2184 22.)
932 2103 1120 2183 traduntur,

109 2200 288 2302 repugnat.
315 2215 393 2282 vSin
414 2216 457 2281 ad
478 2218 605 2280 verba:
627 2225 755 2300 „atque
779 2217 879 2280 etiam
902 2215 1122 2285 Corinthios“

108 2334 314 2412 referuntur,
334 2331 472 2399 offendit
495 2334 699 2401 enuntiatum
719 2333 967 2417 interpositum:
990 2356 1123 2421 „neque

107 2453 249 2536 potuit.“
291 2451 422 2516 Deinde
456 2449 543 2515 haec
580 2451 655 2534 ipsa
691 2452 810 2515 verba:
845 2470 984 2536 „neque
1016 2453 1124 2537 potuit

108 2581 237 2640 mutare
257 2570 516 2646 uomins“;·non
548 2568 763 2633 consentiunt
793 2587 867 2632 cum
888 2567 948 2651 iis,
969 2589 1056 2654 quae
1079 2571 1121 2636 (le

108 2685 279 2772 Tarquinii
313 2685 456 2755 consilio
484 2706 506 2750 a
522 2687 664 2751 ceteris·
685 2683 894 2765 referuntur,
926 2687 981 2771 qui
1000 2706 1120 2753 omnes

107 2805 181 2870 sive
216 2805 386 2868 centurias
428 2803 501 2867 sive
534 2801 638 2866 tribus
680 2821 754 2865 cum
793 2802 946 2865 scribere
990 2821 1120 2885 suoque

108 2921 397 2991 etvamicorum„
412 2919 600 2984 nominibus
642 2917 791 3000 insigues
835 2916 1023 3001 relinquere
1067 2937 1122 2980 vo.

109 3038 214 3107 luisse
251 3037 397 3107 tradunt.
454 3035 507 3101 De
550 3034 695 3129 antiquis
729 3033 918 3101 nominibus
954 3034 1121 3100 mutandis

107 3175 225 3240 regem
269 3142 502 3239 regnavisse,
551 3173 651 3226 nemo
694 3152 821 3243 scribit
852 3151 916 3219 nisi
963 3150 1121 3243 Aurelius

108 3270 231 3335 Victor
251 3269 325 3353 (ΙΙΙ,
342 3269 399 3350 o),
414 3289 512 3354 quem
538 3289 557 3334 e
581 3268 744 3335 Cicerone
763 3268 923 3335 hausisse
944 3269 1122 3337 verisimile

107 3387 226 3470 ast-⁶⁰).
256 3387 352 3457 ,Turn
372 3388 506 3453 verbis:
533 3397 657 3471 „atque
690 3388 790 3451 etiam
813 3385 1034 3454 Corinthios“
1067 3386 1121 3457 Oi·

108 3481 293 3589 concoqui
323 3503 448 3588 publici
475 3504 675 3579 institutum,
704 3503 793 3586 quood
824 3504 868 3566 ad
891 3503 1043 3569 Servium
1058 3522 1119 3568 ce·

110 3623 172 3688 teri
200 3620 368 3698 referunt,
396 3621 584 3705 Tarquinio·
604 3619 731 3698 tribuit,
764 3617 913 3685 sortasse
942 3623 1019 3704 quia
1044 3619 1122 3684 ida

109 3798 321 3814 anm—¹
403 3804 407 3811 ι

213 3900 267 3978 50)
306 3901 367 3964 cn.
389 3900 535 3961 Huschke
558 3920 587 3980 p.
610 3899 647 3960 to
667 3907 728 3961 not.
747 3900 793 3960 3⁶2.
