2466 4576
536 269 745 334 ..14-

134 467 221 514 marn
244 450 355 516 delata
367 451 578 532 referuntur,
600 472 619 517 u
642 454 1004 521 verisimilitudinem
1021 456 1143 522 abban

133 576 229 642 rent»,
267 567 330 631 sed
356 586 433 632 num
460 563 546 633 tunc
567 570 673 652 ptimo
697 570 798 636 Tusci
820 571 949 637 Romae
974 574 1142 658 consede·

132 683 214 759 rint,
248 682 298 759 si,
321 703 408 768 quae
428 685 471 748 de
493 684 673 770 Tarquinio
703 687 819 752 Prisco
839 688 1140 765 truduntuncont·

132 811 306 884 parantur,
326 799 399 886 jure
423 801 564 867 dubitari
580 824 686 887 posse
707 804 851 869 videtne·
892 803 1072 870 Difficilius
1087 819 1141 870 est

130 919 176 982 de
196 915 291 1002 loeo,
319 919 453 984 ubinam
481 921 596 985 sedern
618 923 756 1005 'cepisse
777 921 881 986 Tusci
900 923 1039 1006 putandi
1062 923 1140 1000 siut,

131 1037 302 1121 certiquid
322 1046 481 1101 statuere.
511 1037 577 1100 Alii
594 1038 679 1102 enim
702 1037 733 1101 in
755 1047 867 1102 munte
878 1035 1007 1116 Caelio,
1029 1036 1084 1101 aiii
1106 1039 1137 1101 iu

129 1153 207 1218 rico
222 1153 334 1219 Tusco
356 1151 563 1220 habitavisse
584 1174 647 1219 eus
667 1155 828 1220 tradunt.
859 1152 981 1219 Verum
997 1155 1041 1219 de
1054 1153 1139 1219 Cae·

128 1269 172 1335 iic
194 1282 305 1335 monte
327 1292 427 1355 quum
448 1272 654 1356 ambigatur,
681 1284 716 1337 ut
741 1292 841 1358 quem
861 1271 1046 1356 Dionysius
1070 1272 1137 1336 aa·

127 1388 251 1453 arulum
276 1388 439 1465 tenuisse,
463 1388 577 1454 Livius
604 1388 745 1454 Albanis
767 1389 879 1454 damin
908 1388 1137 1472 esse(1,db.

126 1504 185 1586 33)
206 1507 353 1584 scribat,
377 1504 484 1570 Varro
505 1505 695 1590 relinquere
716 1506 848 1571 Tuscos
862 1515 1135 1590 posteaccactes

126 1640 209 1688 esse
232 1623 361 1687 undat:
388 1623 495 1688 neum
518 1623 663 1688 Tusernn
686 1623 872 1688 Tuscorum
892 1603 999 1689 fuisse
1022 1633 1056 1689 st
1076 1644 1136 1687 un·

125 1760 201 1805 meu
223 1742 334 1825 ipsum
355 1742 562 1808 demonstrat
582 1744 813 1827 etscriptores
832 1760 960 1818 omues,
981 1742 1037 1826 qui
1057 1742 1133 1827 ejus

126 1859 326 1923 mentionem
345 1857 488 1936 faciunt,
507 1859 729 1922 consentiunt.
760 1859 857 1932 Quae
878 1878 978 1942 quutu
999 1857 1046 1921 ita
1066 1857 1135 1921 siut

123 1975 225 2062 longe
247 1974 516 2040 verisimillimum
537 1994 616 2038 esse
637 1983 791 2058 apparet,
814 1972 993 2058 Tarquinio
1016 1971 1133 2036 Prisco

122 2104 288 2180 regnante
308 2093 441 2158 russos
462 2093 607 2157 Romam
627 2094 747 2157 ductos
770 2093 803 2156 in
825 2092 901 2157 vicu
921 2091 1033 2157 Tusco
1051 2111 1132 2157 eun·

122 2212 268 2281 sedisse.
319 2212 417 2285 Quod
446 2210 611 2275 siveram
642 2222 709 2287 est,
738 2208 801 2274 hos
824 2207 955 2275 Tuscus
975 2208 1130 2275 Luceres

121 2348 201 2396 esse
236 2348 304 2393 uon
329 2345 434 2412 posse
462 2339 618 2413 apparet.
664 2328 755 2392 Nara
774 2326 973 2410 Tarquinius
1000 2326 1056 2388 ubi
1079 2346 1130 2393 re·

121 2468 221 2534 gnum
235 2448 378 2532 adeptus
395 2459 458 2525 est,
468 2446 738 2524 crassantium,
749 2445 884 2521 Titium,
894 2443 1129 2511 Lucerumtri·

120 2566 184 2630 bus
200 2567 271 2650 jam
294 2566 495 2630 constitutae
516 2575 615 2628 erant
630 2575 771 2647 tamque
790 2560 1127 2629 sanotasnabebsu

119 2692 189 2761 tur,
217 2694 252 2747 ut
279 2684 397 2747 mutari
417 2681 474 2746 vel
495 2683 611 2766 augeri
632 2701 692 2746 eas
724 2680 823 2746 nefas
849 2701 927 2745 csse
950 2681 1127 2743 videretur.

118 2799 250 2865 Deinde
263 2799 322 2884 qui
338 2799 372 2863 iu
394 2797 532 2883 planitie
548 2797 750 2876 habitarent,
773 2799 845 2863 sive
867 2817 910 2861 ex
924 2796 1027 2873 initio,
1052 2796 1125 2860 sive

118 2927 238 3002 pastea
261 2936 305 2982 se
325 2916 479 2994 deducti,
507 2934 570 2980 eos
597 2914 733 2979 macris
752 2913 841 2998 juris
873 2910 986 2979 fuisse·
1004 2923 1038 2975 et
1065 2932 1124 2977 ne-

116 3027 283 3120 quaquam
304 3034 489 3098 Ramnibus
511 3045 545 3097 at
567 3031 770 3096 Titiensibus
799 3051 844 3094 ex
868 3048 981 3114 aequo
1005 3028 1124 3114 adjuu·

116 3161 195 3217 c'tus
223 3170 305 3216 esse
332 3151 485 3233 potuisse
513 3159 665 3234 appares
709 3147 871 3223 Accedit,
906 3135 996 3230 quud
1023 3165 1123 3210 nemo

114 3282 247 3347 ectum,
267 3267 322 3353 qui
344 3266 532 3331 Tuscorum
553 3268 756 3331 mentionem
776 3265 914 3341 iaciunt,
935 3268 1049 3329 autin
1066 3282 1123 3329 cu·

108 3389 183 3452 rias
205 3387 377 3471 tribusque
395 3396 531 3451 veteres
552 3396 712 3470 receptos
734 3406 798 3450 eos
816 3396 875 3450 eut
896 3403 1004 3449 novas
1022 3404 1070 3449 ex
1082 3383 1123 3447 iis

108 3506 260 3591 ¹scriptas
283 3522 362 3570 esse
394 3503 503 3568 tradit
545 3503 633 3577 Quid
661 3515 771 3568 autem
801 3521 926 3568 cauma
952 3499 1066 3579 fuerit,
1084 3511 1121 3565 ut

112 3624 269 3690 Luceres
300 3621 438 3688 eusdem
464 3630 564 3706 atque
601 3619 733 3685 Tuscos
772 3619 878 3684 fuisse
909 3618 1120 3695 crederetur,

110 3761 189 3806 mox
219 3738 403 3825 apparebit.
452 3738 551 3802 Nunc
577 3737 621 3801 ad
650 3734 789 3800 aiteram
819 3735 1019 3800 sententiam
1047 3755 1119 3812 „ex

109 3857 207 3944 asylo
228 3858 379 3924 Luderes
402 3864 496 3921 ortos
517 3855 620 3920 esse“
639 3872 693 3917 nte
715 3863 922 3923 subvertant.
976 3882 979 3887 ·
