2466 4576
384 324 454 425 *t-
493 333 544 399 .-''
587 294 627 359 9¹
673 312 712 341 ²·

107 483 176 549 fuit.
232 484 328 557 Quae
353 486 536 553 concordia
557 497 591 550 et
612 485 735 559 Quinto
759 468 915 549 'ciceroni
942 503 1039 568 spem
1065 482 1114 548 sc-

108 603 198 667 cisse
213 601 356 680 videtur,
380 598 455 665 fore
477 613 524 680 ut,
539 606 640 697 quom
664 599 772 666 frater
796 600 1005 665 consulatum
1019 612 1115 686 peta·

107 730 179 798 ret,
210 719 354 800 equitum
386 719 556 783 centuriae
585 709 709 783 ordinis
737 718 968 782 auctoritatem
992 738 1114 802 seque-

107 827 312 929 rentur¹f¹),
340 847 373 900 et
393 857 517 901 revera
542 837 718 920 plurimum
740 835 903 921 profecit,
929 842 971 901 nt'
993 837 1115 902 Cicero

107 952 229 1018 consul
255 952 363 1032 fieret,
391 973 490 1037 quem
518 954 714 1018 retinendae
739 954 889 1018 ordinum
912 954 1116 1020 concordiae

108 1072 252 1136 omnium
284 1071 563 1137 studiosissimum
595 1069 703 1136 fuisse
740 1082 854 1135 uotum
882 1083 944 1135 est.
997 1073 1117 1158 Neque

108 1188 197 1253 enim
221 1188 331 1252 solum
356 1186 468 1272 legem
488 1187 701 1274 judiciariam
727 1185 848 1252 Cottae
868 1186 977 1251 laturo
997 1200 1116 1272 aperte

108 1303 206 1383 favit,
229 1305 291 1369 sed
316 1305 424 1383 etiam,
450 1297 569 1370 consul
593 1300 722 1383 sactus,
744 1303 914 1368 tumultum
935 1304 1045 1389 plebis
1074 1309 1117 1374 ob

110 1422 273 1486 Rosciam
297 1420 408 1507 legem
436 1432 543 1487 ortum
576 1423 728 1498 sedavit,
750 1421 864 1506 legem·
881 1424 1048 1506 agrariam
1079 1407 1117 1488 P.

110 1538 243 1603 Servilii
261 1538 368 1618 Rulli,
396 1539 542 1623 equitnm
571 1539 753 1605 commodis
787 1539 990 1619 consulens,
1020 1550 1053 1605 et
1079 1542 1117 1606 tn

112 1665 234 1720 senatu
263 1666 297 1718 ot
325 1677 387 1740 pro
420 1656 584 1720 concione
610 1646 786 1734 dissuasit,
819 1657 984 1721 communi
1008 1668 1118 1725 autem

112 1785 214 1853 metu,
234 1772 425 1838 Catilinaria
447 1773 677 1858 conjuratione
690 1781 795 1852 moto,
816 1773 860 1837 ad
873 1772 1024 1838 ordinum
1038 1786 1119 1841 con'·

112 1892 263 1955 cordiam
289 1889 521 1956 stabiliendam
547 1889 797 1975 diligentissime
812 1911 895 1956 usus
923 1900 986 1956 est.
1041 1893 1117 1966 Quo

111 2028 315 2093 quamquam
345 2005 471 2072 iactum
499 2016 571 2085 cst,
603 2008 640 2071 irt
661 2009 737 2091 ipse
765 2024 799 2071 et
823 2009 855 2071 in
880 2009 1058 2074 consulatu
1085 2023 1119 2077 ct

110 2129 144 2190 in
170 2147 208 2189 rc
234 2124 398 2191 Clodiana
419 2124 548 2208 equites
575 2112 788 2189 fidelissimos
818 2126 932 2190 socios
966 2127 1118 2210 haberet,

112 2257 223 2309 tamen
251 2245 285 2307 id
317 2243 469 2308 obtinere
495 2262 563 2305 non
590 2242 716 2326 potuit,
748 2253 784 2305 ut
818 2242 873 2326 qui
907 2263 947 2308 se
976 2246 1118 2312 consule

113 2361 264 2425 ordinum
279 2379 469 2424 consensus
485 2354 606 2438 iuerat,
630 2337 718 2423 idem
740 2369 862 2442 postea
875 2373 1036 2443 maneret,
1063 2366 1121 2428 ad-

112 2477 328 2542 versantibus
351 2487 385 2540 et
409 2477 461 2554 iis,
485 2473 670 2559 quipopuli
693 2494 799 2538 causa
820 2488 995 2561 suscepta,
1019 2489 1119 2564 atque

113 2594 177 2661 sibi
198 2593 380 2677 potentiam
403 2602 619 2676 quaerentes,
644 2601 785 2656 cenatus
807 2593 1020 2677 equitumque
1040 2618 1121 2662 con-

113 2711 262 2774 cordium
283 2710 435 2774 dirimere
463 2716 644 2793 cuperent,
671 2716 704 2770 et
728 2708 781 2786 iis,
811 2710 865 2792 qui
892 2710 990 2775 nimio
1012 2715 1120 2778 studio

113 2847 158 2890 ac
185 2825 370 2908 pertinacia
392 2835 531 2890 senatus
548 2823 779 2887 auctoritatem
801 2834 983 2889 tuerentur.
1036 2830 1121 2894 Pos-

112 2956 271 3024 teaquam
300 2943 384 3005 enim
408 2941 590 3006 communis
616 2939 781 3025 bellorum
808 2941 951 3006 civilium
977 2942 1120 3011 formido

113 3047 250 3126 sublata
262 3070 325 3137 est,
342 3059 496 3138 eaedem,
511 3076 599 3140 quac
618 3057 695 3119 inde
715 3058 756 3120 ab
771 3057 861 3121 initio
879 3058 1121 3128 discordiarum

113 3174 248 3240 fuerant
269 3195 413 3252 causae,
445 3193 563 3238 rursus
587 3190 608 3236 a
632 3169 804 3236 nobilitate
826 3174 1026 3256 publicanos
1055 3179 1121 3244 dis-

109 3294 306 3378 junxerunt,
327 3289 456 3374 judicia
468 3300 502 3352 et
514 3289 721 3372 provinciae.
771 3289 877 3352 Erant
897 3301 1006 3356 autem
1035 3296 1122 3359 duae

113 3409 256 3471 maxime
282 3393 420 3484 ream).
473 3403 616 3466 Primum
643 3405 727 3467 enim
754 3425 843 3468 anno
873 3411 1122 3477 sexcentesimo

114 3522 334 3606 nonagesimo
348 3522 459 3598 tertio,
473 3528 652 3603 postquam
671 3518 821 3598 Clodius,
840 3522 983 3588 sceleris
1005 3536 1124 3591 contra

118 3707 324 3716 ..ηρ-...-

223 3774 292 3849 161)
314 3774 344 3836 d.
365 3777 450 3853 petit.
476 3776 596 3836 consss.
855 3786 859 3793 '
897 3787 903 3859 ᾗ

225 3867 291 3940 lot)
313 3866 371 3926 cfr.
392 3865 452 3925 Cio.
472 3866 510 3926 ad
532 3868 593 3928 An.
616 3866 639 3936 Ι,
660 3867 705 3927 16.
730 3867 777 3927 17.
803 3867 847 3928 18.
867 3865 907 3937 ΙΙ,
928 3867 953 3926 l.
