2466 4576
509 307 550 327 ἁ
591 276 636 344 9⁰
678 314 717 326 ”-
801 328 856 397 *afa

109 466 222 547 tissa,⁴
242 488 348 553 supra
368 471 440 554 jam
461 444 542 533 ‘dut
595 468 656 534 Vis
689 480 800 534 tamen
833 471 957 534 ordinis
992 482 1025 534 et
1058 492 1118 535 au-

110 585 247 649 ctoritas
268 605 376 668 penes
401 584 602 670 publicanos
629 597 703 653 erat
723 585 927 672 judicantes.
956 587 997 651 Hi
1012 589 1116 652 Mari-

109 720 249 765 anarum
268 701 410 784 partium
435 713 532 765 eraut
552 713 844 787 propugnatores,
871 723 913 766 ex
935 703 986 768 his
1002 703 1115 789 Sulpi-

109 817 180 882 cius
211 817 431 882 autisenatum
458 839 554 884 suum
579 816 711 896 effecit,
743 818 862 882 horum
896 818 990 883 Sulla
1025 832 1116 886 teste

107 925 264 1019 Appiano
285 956 354 1000 nou
377 937 487 1002 minus
511 935 597 1000 mille
617 947 808 1001 ‘sexcentos
834 958 902 1001 uno
924 958 1014 1002 anno
1037 959 1115 1004 sex-

109 1038 293 1116 centesimo
314 1053 535 1138 nonagesimo
557 1053 664 1136 primo
685 1051 864 1131 interfecit,
887 1054 941 1138 qui
960 1055 1115 1138 proximo

108 1158 195 1232 anno
230 1169 398 1233 trecentis-
416 1169 592 1252 'equitibus
625 1169 787 1234 Romanis
826 1169 922 1234 lectis
961 1183 1116 1235 senatum

108 1283 288 1369 supplevit.
345 1285 497 1349 Eandem
535 1306 673 1351 causam
712 1285 923 1370 popularium
956 1289 1114 1352 continuo

108 1402 375 1484 ordo'e'quester
388 1403 539 1482 secutus,
564 1401 696 1487 legibus
704 1403 888 1488 judiciariis
904 1404 1003 1467 modo
1011 1405 1115 1468 maxi-

107 1522 195 1582 ma'm'
210 1520 391 1602 potentiam
412 1528 551 1598 nectua,
569 1520 690 1598 modo,
717 1521 928 1604 optimatibus
954 1522 1115 1605 praepol-

107 1618 264 1712 lentium,
290 1639 479 1718 oppressus
504 1644 612 1718 atquc'
629 1614 778 1700 'aiiiictcs
803 1645 872 1715 est,
900 1637 1010 1699 donec
1036 1637 1114 1721 lege

108 1749 246 1814 Aniciia
271 1749 433 1814 'senatorii
461 1752 694 1834 equestrisque
713 1750 847 1817 ‘ordinis
873 1752 1114 1816 reconciliandi

108 1864 446 1951 periculum‘i'actum
470 1848 541 1947 est}
575 1846 672 1952 duam
702 1869 968 1956 conjunctionem
1002 1890 1114 1952 neque

107 1979 247 2047 senatus
273 1983 473 2067 repudiavit,
498 1983 636 2063 teritus,
655 1996 711 2047 'ne
732 1993 952 2068 quapropter
967 1987 1111 2069 judicio-

107 2100 440 2184 rum‘turpittrdinem
471 2102 582 2183 'atque
613 2098 785 2191 infamiam
826 2110 906 2164 tunc
952 2100 1115 2185 flagraret

108 2215 250 2295 mucia,
272 2215 572 2302 judiciis'prorsus
602 2202 856 2296 exturbareturj
888 2237 999 2299 neque
1029 2218 1113 2281 ordo

109 2340 268 2418 equester
295 2343 501 2416 aspernatus
525 2333 599 2410 θεῖ,-
629 2334 748 2416 partim
775 2343 854 2416 post
880 2331 1007 2396 Sullani
1032 2343 1112 2396 tem-

107 2429 447 2536 poriscalamitatcm
472 2432 531 2512 vel
549 2457 686 2533 partem
712 2451 812 2514 modo
834 2449 1035 2536 judiciorum
1060 2471 1113 2513 re-

108 2574 275 2651 cuperare
299 2556 698 2650 magni⁶aestimans¹⁵⁹)‚
720 2565 838 2649 partim
866 2567 985 2628 eadem
1013 2576 1113 2649 atque

106 2681 264 2747 nobilitas
290 2679 465 2745 formidine
486 2682 634 2758 territus,
654 2699 698 2746 ne
725 2680 876 2746 civilibus
890 2683 993 2746 turbis
1014 2702 1114 2747 rena-

107 2799 149 2863 tis
172 2819 274 2882 opum
301 2789 552 2879 divitiarumque
573 2797 742 2882 jacturam
768 2794 931 2861 facerent.
982 2798 1114 2864 Acces-

107 2916 151 2980 sit
176 2913 234 2978 lex
257 2913 386 2979 Roscia
413 2933 500 2977 anno
527 2915 776 2978 sexcentesimo
800 2913 1006 2998 octogesimo
1035 2935 1115 2999 sep-

107 3033 185 3096 timo
216 3031 296 3098 lata.
347 3031 387 3093 L.
414 3029 562 3094 Roscius
597 3028 685 3095 Otho
719 3030 804 3094 enim
829 3029 979 3095 tribunus
1005 3030 1114 3114 plebis

107 3148 219 3232 legem
233 3145 379 3230 pertulit,
404 3157 441 3209 ut
460 3145 624 3228 equitibus
639 3144 801 3208 Romanis
821 3145 855 3208 in
877 3145 1008 3209 theatro
1033 3167 1114 3228 qua-

109 3263 293 3335 tuordecim
315 3261 451 3324 ordines
473 3259 617 3343 proximi
639 3251 972 3344 adsignarenturm).
1017 3262 1114 3333 Quae

107 3379 164 3442 lex
189 3388 226 3441 ut
250 3376 359 3461 plebis
382 3375 642 3460 indignationem
668 3350 842 3442 maximam
855 3377 968 3454 movit,
993 3376 1041 3440 ita
1058 3377 1115 3441 iir-

108 3495 251 3559 mandae
273 3491 428 3556 ordinum
455 3490 659 3556 concordiae
685 3489 774 3556 hand
798 3491 1010 3556 mediocriter
1034 3513 1114 3576 pro-

216 3762 283 3836 159)
304 3763 367 3822 Gir.
387 3761 460 3824 Seli.
481 3763 570 3823 Catii.
591 3763 639 3824 39.
697 3784 701 3795 ·

215 3851 286 3927 160)
308 3852 458 3933 Liuepii.
497 3855 543 3914 99.
560 3853 621 3913 Gir.
645 3851 765 3915 Becker
785 3853 822 3924 11,
845 3855 870 3914 Ι.
891 3875 921 3934 p.
945 3853 1012 3916 280.
