2466 4576
508 266 716 329 ..77-

105 461 167 515 tae
188 461 278 513 sunt.
323 446 467 515 Ceterae
492 459 603 513 autem
626 467 773 527 causac,
797 447 917 532 quibus
937 456 1122 530 perpetuae

106 568 331 653 quaestiones
357 587 425 633 nou
448 576 564 631 essent
590 566 776 643 institutae,
805 575 843 629 ut
871 573 971 629 antea
996 574 1053 628 eut
1079 564 1122 627 ab

108 682 189 767 ipso
211 693 332 747 senatu
354 680 408 746 vel
432 680 556 766 populo
579 681 836 759 dirimebantur,
860 692 917 747 aut
938 682 1123 767 quaestori·

108 800 176 864 bus
206 798 483 864 extraordinariis
511 798 818 874 committebantur,
847 797 894 862 ite
928 807 1056 872 tamen,
1090 805 1125 859 ut

109 920 180 1005 jam
202 939 269 983 uon
302 928 504 1003 quaestores
535 912 599 999 ipsi
624 916 687 981 sed
717 914 893 981 corisilium
920 913 999 980 illud
1027 933 1126 979 sena·

77 1048 81 1053 '
111 1044 241 1112 torum,
267 1034 358 1118 quod
381 1033 458 1125 aldi
480 1034 521 1099 iis
542 1033 675 1099 solitum
697 1054 777 1099 esse
804 1053 908 1117 supra
934 1033 1018 1103 dixi,
1049 1053 1126 1098 sen·

112 1153 252 1218 tentiam
275 1152 403 1217 diceret
414 1151 494 1234 ¹²⁰),
518 1149 689 1234 legeretur
714 1163 824 1217 autem
850 1152 893 1216 ab
915 1151 1000 1234 ipsis
1025 1169 1127 1235 quae-

116 1271 267 1336 storibus
290 1289 334 1333 ex
353 1289 470 1345 eorum
489 1289 649 1350 numero,
672 1269 728 1354 qui
750 1289 792 1334 eo
815 1288 904 1334 enno
926 1267 958 1332 in
976 1267 1128 1353 judicum

116 1387 230 1453 album
252 1387 404 1471 inscripti
424 1384 599 1468 erantffl).

226 1503 289 1567 Hic
319 1504 537 1590 igiturquum
559 1504 762 1589 judiciorum
793 1514 885 1568 esset
913 1513 1022 1567 status
1050 1512 1128 1567 ante

117 1624 230 1706 legem
254 1620 504 1705 Semproniam,
525 1619 592 1685 hac
612 1620 689 1704 lege
709 1620 873 1685 sancitum
896 1630 967 1699 est,
990 1631 1024 1683 ut
1040 1620 1130 1704 judiv

119 1760 180 1805 ces
202 1761 246 1805 ex
268 1740 308 1805 iis
330 1739 535 1822 legerentur,
560 1740 885 1823 quiseuatoresnon
898 1748 1026 1814 essent,
1049 1757 1129 1802 cen·

119 1880 194 1925 sum
217 1869 410 1942 equestrem
430 1855 610 1932 haherent,
639 1876 747 1921 auitos
768 1892 812 1903 -
835 1875 911 1919 nam
941 1855 1009 1920 hoc
1037 1854 1131 1919 adoi-

120 1989 189 2041 tum
212 1995 291 2041 esse
315 1995 335 2039 e
356 1973 433 2059 lege
454 1974 612 2039 Servilia.
630 1972 741 2060 colligi
764 1971 842 2040 iicet
872 2008 907 2023 -
937 1974 1132 2039 non'mino·

120 2114 178 2159 res
211 2093 361 2179 triginta.
379 2103 495 2159 essent
532 2093 613 2157 nati.
665 2092 787 2158 Existit
818 2103 928 2157 autem
954 2090 1022 2158 hoc
1057 2090 1132 2159 loco

120 2211 295 2296 quaestio,
321 2221 429 2275 utrum
461 2227 504 2273 ex
532 2208 705 2294 judicibus
733 2198 891 2285 selectis,
916 2220 994 2273 ente
1022 2209 1132 2293 legem

122 2325 359 2408 Semproniam
383 2323 543 2389 senatorii
567 2334 647 2408 post
668 2344 742 2389 eam
761 2324 870 2410 legem
894 2325 1060 2409 equestris
1081 2347 1133 2389 ou·

122 2442 213 2525 dinis
240 2440 448 2517 hominibus,
482 2439 689 2523 publicarum
722 2450 848 2505 tuntum
877 2459 1055 2505 causarum
1082 2440 1136 2526 (id

228 2692 295 2769 120)
335 2695 377 2773 id.
399 2716 430 2776 p.
455 2694 600 2772 'lltlsqtp
620 2694 705 2775 impr.
725 2714 755 2774 p.
774 2694 842 2756 Μ.
1124 2722 1128 2729 ·

232 2786 299 2862 121)
341 2787 560 2868 Depontilicis
579 2788 701 2851 maximi
723 2787 775 2863 (id.
796 2809 825 2867 p.
839 2786 877 2848 73
897 2789 1009 2866 etate)
1031 2796 1064 2851 et
1084 2810 1136 2872 pa·

125 2882 206 2938 trum
230 2877 361 2938 familias
393 2877 450 2953 (id.
478 2900 507 2958 p.
531 2878 570 2938 82
595 2885 628 2938 et
645 2877 723 2957 228)
751 2879 981 2960 jurisdictione,
1009 2888 1137 2963 utraque

127 2968 217 3031 valdo
240 2973 334 3031 arctis
356 2970 467 3032 finibus
490 2971 624 3040 inclusa,
644 2971 767 3031 uberius
780 2971 882 3032 dicere
901 2993 959 3032 non
973 2993 1051 3052 opus
1063 2964 1137 3037 esse

127 3065 244 3124 censui.
284 3063 390 3124 Verbo
410 3083 534 3124 monere
554 3064 634 3124 satis
655 3069 723 3137 est,
741 3065 913 3143 pontificem
937 3084 997 3124 non
1016 3065 1075 3125 nisi
1098 3064 1138 3126 de

127 3153 322 3215 secerdotum
342 3156 516 3215 criminibus
537 3156 592 3224 iis,
615 3174 695 3233 quae
715 3153 755 3215 ad
775 3155 1046 3233 sacraeultumque
1067 3156 1138 3216 deo·

126 3267 193 3308 rum
215 3249 417 3326 pertinerent,
442 3248 652 3329 judicavisse,
676 3249 772 3329 patris
803 3246 932 3309 familias
954 3249 1139 3325 jurisdictio·

128 3346 199 3400 uem
219 3342 250 3399 in
268 3339 433 3418 puniendis
447 3342 560 3410 servis,
581 3334 1049 3411 liberis,uxoresubstitisse-
1076 3341 1141 3402 Tri·

130 3431 309 3492 urnvirorum
329 3430 517 3509 capitalium,
538 3436 572 3491 ut
591 3431 650 3493 lroc
670 3450 792 3510 quoque
811 3424 936 3502 addam,
959 3434 1070 3510 quibus
1090 3433 1139 3513 Ju-

129 3521 339 3583 risdictiouem
358 3523 437 3582 setis
450 3523 581 3602 amplam
597 3525 781 3602 permissum
793 3524 901 3595 luisse,
913 3530 994 3594 sunt,
1007 3526 1058 3607 qui
1072 3534 1142 3585 coir·

128 3612 272 3684 tendent,
292 3615 324 3672 in
345 3612 507 3693 disciplina
526 3616 753 3692 securitateque
771 3615 892 3694 publica
904 3614 1017 3675 tuenda
1039 3616 1143 3695 paullo

127 3704 223 3767 letius
246 3705 373 3783 patebat
392 3711 533 3785 potestas
560 3705 616 3782 (id.
639 3720 671 3786 p.
690 3707 777 3781 ⁸226).
818 3705 1077 3767 centumviromm
1095 3709 1144 3793 ju-

127 3793 420 3962 {iadictlozggpique
437 3798 478 3858 ad
498 3817 608 3860 causas
628 3797 768 3878 publicas
784 3799 905 3859 omnino
926 3818 984 3858 non
997 3799 1144 3881 pertinuit

146 3908 156 3946 ι
179 3931 186 3945 .
208 3907 239 3965 p.
266 3903 272 3917 ¹
336 3933 343 3947 .
