2466 4576
567 293 777 358 —36-

170 459 351 528 Corinthiis
380 469 547 545 sumptum
575 479 670 545 esse,
699 461 788 525 unde
816 468 909 524 ortus
934 477 1015 525 esse
1039 456 1177 544 'l'urqui-

168 580 243 644 nius
262 581 464 658 traderetur,
485 581 640 664 opinatus
659 589 721 642 est.
765 578 898 643 Verbo:
920 578 1012 656 „sed
1035 586 1176 642 tomen“

169 696 334 763 cverbis:
357 716 445 775 „nec
457 697 600 780 potuit“,
623 695 765 779 adquae
781 693 872 757 houd
888 693 987 756 dubie
1000 691 1181 758 referenda

168 825 262 893 sunt,
285 816 403 880 mirum
429 818 462 881 in
485 815 616 879 modum
641 814 807 896 diremptu
834 822 926 879 sunt.
969 812 1007 875 lu
1032 819 1181 876 numeris

169 931 308 996 offendit
336 932 500 1015 particula
528 951 579 996 oc.
631 930 826 995 Secundam
860 928 1003 1012 denique
1035 928 1180 1012 equitum

171 1047 426 1133 duplicationem
448 1059 586 1134 praeter
601 1047 800 1112 Ciceronem
824 1055 922 1110 nemo
945 1056 1102 1125 testetur,
1124 1067 1179 1111 ue·

171 1187 235 1251 que
250 1169 432 1252 quisquam
460 1166 580 1231 bellum
613 1187 688 1230 oum
717 1165 845 1250 Aequis
872 1184 894 1229 u
914 1164 1098 1249 Tarquinio
1126 1183 1180 1245 ge·

170 1293 257 1348 stum
279 1293 529 1349 commemorat.
576 1283 678 1347 Tertii
700 1293 810 1346 eutem
831 1279 897 1345 ioci
915 1282 1008 1363 (cap.
1021 1280 1093 1362 92),
1115 1302 1180 1365 quo

172 1400 304 1484 Cicero,
326 1420 413 1486 quae
436 1401 589 1466 aServio
611 1401 761 1464 instituta
784 1409 907 1475 essent,
929 1399 1091 1476 surrevit,
1111 1419 1181 1463 non

170 1519 236 1581 nisi
258 1518 370 1582 ultime
391 1519 498 1581 verba
519 1527 718 1600 supersunt3
746 1535 833 1601 quae
860 1515 895 1579 id
923 1525 1016 1579 certe
1043 1515 1181 1581 demon-

171 1642 279 1698 strant
299 1653 407 1699 noves
425 1635 595 1698 centurias
618 1633 771 1699 uServio
793 1631 906 1696 factes
926 1651 1015 1710 esse,
1036 1631 1071 1696 iu
1094 1653 1182 1716 quas

166 1752 314 1835 ⁴qudem
338 1751 482 1836 equitum
502 1770 695 1827 numerum,
723 1751 779 1835 qui
809 1758 909 1814 antec
936 1769 999 1813 sex
1018 1752 1182 1816 centuriis

172 1880 351 1934 contentus
373 1880 482 1952 esset,
505 1889 580 1933 eum
598 1868 826 1945 distribuisse,
850 1866 1050 1931 Ciceronem
1072 1879 1182 1932 rutum

172 2007 251 2052 esse
274 2008 296 2050 a
316 1987 388 2052 veri
410 1986 623 2052 similitudine
641 1985 885 2071 quammaxime
907 1983 1075 2049 abhorret.
1108 1985 1182 2051 Tri·

170 2105 234 2168 bus
256 2105 356 2187 igitur
374 2104 507 2169 omnino
534 2102 618 2168 iocis
644 2104 686 2167 de
718 2104 863 2188 equitum
892 2121 1033 2182 numero
1056 2099 1181 2167 Cicero

172 2220 330 2287 disseruit
352 2219 404 2285 vei
427 2221 540 2304 potius
564 2221 767 2285 disseruisse
789 2229 921 2303 potest,
944 2240 1084 2304 quorum
1117 2221 1183 2305 pri·

171 2359 244 2403 mus
267 2348 371 2413 totus,
402 2339 519 2402 tertius
540 2318 717 2402 maximam
741 2349 869 2420 purtem
892 2337 1075 2416 intercidit,
1096 2335 1183 2403 alter

171 2457 288 2520 mirum
311 2456 344 2520 iu
365 2457 498 2532 modum
525 2456 678 2520 turbatus
708 2475 787 2519 esse
811 2456 944 2520 videtur
972 2473 1081 2539 ecque
1103 2475 1181 2520 con·

168 2575 263 2651 tinet,
284 2593 371 2658 quae
393 2593 502 2659 neque
515 2550 705 2638 cum'tertm
727 2571 805 2639 loco
827 2572 891 2639 nisi
901 2573 1182 2658 interpretatione

171 2689 317 2754 violenta
339 2711 450 2775 neque
480 2711 553 2755 cum
581 2701 771 2757 ceterorum
789 2691 986 2756 testimoniis
1009 2691 1182 2757 concilior-i

170 2809 314 2893 possint.

275 2926 371 3000 Quee
393 2948 492 3013 quum
526 2927 573 2992 itu
599 2927 665 2992 sint
692 2936 749 2991 eut
774 2927 816 2990 ud
842 2926 933 2991 hano
948 2928 1180 3011 quaestionem

171 3044 213 3107 de
241 3044 386 3130 equitum
415 3023 553 3109 numero
582 3044 829 3130 dijudicandam
858 3065 877 3107 e
904 3043 1071 3110 Cicerone
1099 3045 1181 3110 certi

171 3159 349 3243 quicquam
371 3160 440 3243 peti
462 3180 568 3244 posse
588 3160 722 3224 omnino
743 3161 932 3246 negandum
955 3172 1025 3240 est,
1053 3173 1111 3226 aut
1133 3161 1179 3226 lo·

172 3293 250 3355 ους,
280 3276 334 3359 qui
362 3275 474 3358 capite
499 3276 663 3341 vicesimo
691 3277 829 3362 legitur,
865 3279 1098 3343 emendatione
1128 3290 1180 3345 est

170 3391 353 3469 sanandus,
375 3402 474 3475 atque
498 3391 662 3476 ejusmodi
684 3394 1179 3481 quidem‘emeudetione,quce

169 3506 361 3571 innumero
384 3509 542 3571 mutando
565 3529 632 3572 uon
651 3510 823 3578 subsistet.
863 3510 1045 3594 Reputuuti
1068 3523 1178 3579 autem

169 3625 258 3704 mihi,
278 3645 364 3711 quoe
377 3645 460 3690 vere
479 3626 582 3692 lectio
603 3625 708 3692 fuisse
726 3628 846 3711 possit,
867 3629 919 3693 sie
936 3631 1043 3694 verbo
1065 3651 1178 3698 emen·

172 3742 283 3806 danda
304 3744 376 3809 visu
400 3754 495 3809 sunt:
522 3745 733 3831 „Equitctum
761 3745 805 3809 ud
829 3746 920 3812 hunc
945 3768 1073 3813 morem
1095 3769 1177 3814 cou-

171 3860 294 3937 stituit,
323 3862 377 3947 qui
407 3883 514 3947 usque
542 3861 652 3927 adhuc
678 3872 731 3928 est
757 3873 925 3941 retentum
957 3876 1059 3950 etque
1080 3867 1178 3933 etium
