2466 4576
567 272 775 337 ,34-

165 473 241 527 rent
262 459 483 545 oportuisset.
527 456 646 541 Neque
666 466 777 519 tamen
797 452 915 518 melius
937 452 1084 518 cumduo
1096 459 1168 516 rum

168 578 301 644 millium
329 576 646 663 quadringentorum
676 591 816 635 numero
845 570 1073 655 duodeviginti
1103 589 1175 634 cen·

167 696 274 760 turias
297 694 400 759 coire.
442 692 619 757 Rationem
649 690 750 772 igitur
773 687 948 753 Ciceronis
968 687 1059 752 haud
1082 688 1177 752 dubie

168 810 321 874 vitiosam
343 830 441 885 esse,
460 809 522 873 sed
544 826 704 872 summam
728 803 819 869 effici
840 824 972 881 veram,
997 805 1097 867 modo
1119 825 1177 889 pro

180 945 214 990 cu
235 944 277 988 ac
298 946 332 987 cc
365 943 398 988 et
415 945 486 986 nccc
509 932 662 1007 ponatur.

277 1039 360 1106 Cum
383 1041 535 1124 Zumptio
568 1041 602 1102 in
629 1039 822 1103 universum
848 1038 1016 1102 consentit
1049 1036 1179 1103 Becke-

169 1162 294 1238 rusw).
337 1159 507 1223 laetamen
530 1168 623 1221 recte
644 1167 763 1220 contra
783 1174 860 1218 eum
883 1164 1007 1232 monet,
1025 1162 1119 1239 qnae
1140 1157 1180 1218 de

171 1277 317 1364 equiturn
346 1288 447 1341 aucto
475 1275 634 1360 paulatim
664 1293 804 1339 numero
835 1272 956 1336 osuiu
981 1275 1083 1350 sinti·
1102 1293 1180 1338 euru

169 1392 318 1477 rejicere
336 1411 488 1457 necesse
504 1411 600 1468 esse,
620 1389 676 1475 qui
700 1390 809 1453 minus
831 1390 896 1452 tria
917 1386 1017 1452 millia
1037 1408 1170 1454 sexcen

172 1517 227 1571 tos
248 1507 379 1592 equites
400 1506 510 1572 Servii
537 1517 648 1571 aetate
678 1503 785 1571 fuisse
811 1513 945 1569 statuat
987 1505 1107 1570 Verba
1128 1506 1183 1570 de-

172 1624 267 1694 inde:
287 1624 494 1708 „equitatum
515 1625 557 1688 ad
584 1623 674 1688 huno
700 1643 828 1688 morem
856 1623 1026 1688 comtituit
1049 1625 1107 1710 qui
1128 1645 1183 1690 us·

18 1762 21 1767 ’
258 1740 369 1806 adhuc
390 1750 443 1806 est
464 1746 662 1820 retentuS‚“
688 1741 731 1805 ad
763 1760 883 1825 equum
909 1739 1081 1825 publicum
1108 1761 1184 1808 aes·

50 1844 53 1849 ’
169 1759 425 1941 &equestre
454 1867 580 1920 tantum
611 1855 782 1939 pertinere
806 1855 977 1938 opinatur,
1002 1876 1114 1942 neque
1139 1877 1184 1921 ex

171 1973 213 2038 iis
235 1971 348 2055 colligi
370 1973 506 2050 debere,
528 1992 572 2037 ex
584 1971 759 2037 Ciceronis
777 1974 944 2038 sententia
967 1973 1184 2061 Tarquinium

171 2108 334 2153 summum
347 2089 676 2173 equitumnumerum
689 2090 926 2174 complevisse.
945 2090 1070 2156 Verum
1082 2113 1183 2178 quum

171 2204 259 2272 idern
290 2205 325 2269 id
353 2215 480 2274 tantum
510 2205 707 2271 Ciceronem
734 2218 888 2272 secutum
921 2208 1183 2293 esse--Zumptic

173 2324 408 2402 concedat,.ut
429 2324 642 2409 aliquomodo
664 2346 827 2390 summam
847 2326 1184 2394 triumsrnilliun-sex

170 2451 347 2511 centorum
381 2442 527 2524 equitum
560 2441 727 2507 efficeret:
766 2444 800 2507 id
834 2442 882 2508 ita
915 2454 1042 2510 tantum
1073 2456 1183 2511 rutum

173 2577 253 2624 esse
277 2576 381 2641 posse
411 2570 575 2641 apparet,
599 2561 628 2624 si
657 2559 777 2624 Cicero
807 2560 851 2626 de
876 2580 1015 2626 numero
1035 2565 1182 2649 quidem

173 2693 195 2740 a
223 2672 343 2739 Servio
357 2673 449 2741 nihil
478 2686 637 2740 mutatum
668 2697 748 2742 esse
781 2677 1029 2746 existimavisse
1058 2698 1182 2747 conce·

171 2790 273 2855 ditur.
323 2789 451 2855 Contra
479 2770 676 2876 Zumptium'
694 2803 805 2859 autem
827 2805 868 2860 -et
896 2794 1180 2882 Beckerum'nri·

170 2926 258 2970 mum
274 2906 474 2971 monendum
495 2927 574 2972 esse
588 2909 729 2993 videtur,
750 2929 922 2976 numerum
944 2931 964 2976 e
986 2915 1182 2998 conjecture

172 3032 299 3090 tantum
334 3035 493 3091 mutatum
521 3045 617 3103 esse,
652 3026 772 3091 deinde
804 3025 960 3093 Ciceroni
990 3027 1042 3095 ex'
1067 3051 1180 3098 mrum

171 3141 340 3206 sententia
360 3162 576 3206 numerorum
594 3142 756 3207 rationem
787 3143 945 3210 inculcari
973 3146 1128 3212 vitiosam
1149 3159 1181 3214 et

172 3275 345 3342 quaecum
364 3232 590 3342 duodeviginti
613 3262 786 3340 centuriis,
809 3282 894 3347 quas
916 3265 990 3348 ipse
1007 3268 1120 3348 capite
1141 3267 1180 3330 ii

171 3372 335 3456 agnoscit,
356 3371 446 3437 nullo
461 3374 560 3438 modo
583 3385 701 3451 coeat3¹
716 3376 869 3442 Servium
882 3388 993 3444 autem
1009 3383 1180 3448 centurias

171 3489 304 3574 quidem
315 3489 643 3570 auxisse‚numcrum
654 3495 798 3580 equitum
811 3495 985 3580 pristinum
1000 3499 1180 3565 retinuisse

172 3605 331 3707 credibile
352 3625 419 3670 non
443 3625 533 3673 esse.

176 3768 380 3778 -..-......----

275 3855 325 3931 49)
361 3857 381 3916 l.
401 3857 421 3917 Ι.
446 3878 473 3936 p.
496 3856 561 3918 243.
582 3876 672 3937 seqq.
