2466 4576
530 287 721 351 -7..

204 600 238 674 1.
292 596 454 700 Equites
478 610 569 701 quot
594 612 633 678 et
654 605 781 703 quoles
801 605 942 681 fuerint
968 617 1052 681 unte

531 734 719 813 Servium.

188 898 364 965 Romulum
378 910 550 968 trecentos
562 902 692 987 equites
705 903 900 989 scripsisse,
915 905 1003 971 inter
1015 925 1132 973 omnes

113 1027 276 1091 unctores
292 1011 434 1083 'constet
457 1017 593 1083 Plurimi
606 1018 955 1104 etlocupletissimi⁶)‚
980 1023 1131 1089 centenis

114 1153 290 1219 equoque
320 1135 405 1200 tn’bu
424 1136 522 1203 lectis
550 1148 620 1202 tres
647 1138 818 1201 centurius
845 1138 989 1223 equitum
1018 1136 1128 1203 factus

112 1249 300 1335 iisdemque
336 1258 436 1337 utque
465 1252 570 1316 tribus
598 1252 693 1336 ipsus
720 1253 909 1317 nominibus
936 1253 1127 1339 appellatus

113 1387 195 1433 esse
225 1367 359 1434 addunt.
412 1368 553 1433 Nomina
581 1369 680 1455 igitur
711 1371 786 1455 ipsa
815 1390 914 1455 quum
941 1371 1127 1439 arctissime

110 1485 262 1570 equitum
282 1485 452 1551 centurias
475 1505 551 1551 cum
570 1485 687 1572 populi
709 1488 860 1552 tribubus
872 1487 1125 1564 Ramnensiuut‚

111 1599 321 1677 Titiensium,
340 1599 508 1667 Lucerum
530 1603 730 1688 conjunctus
752 1604 861 1671 fuisse
883 1606 1123 1687 demonstrent,

80 1812 84 1817 .
111 1737 224 1803 neque
244 1728 415 1793 trecentos
444 1720 574 1807 equites
603 1740 711 1807 neque
741 1733 813 1787 tres
842 1723 986 1807 equitum
1009 1731 1123 1785 centn·

109 1837 182 1901 rins
205 1835 335 1901 Romae
356 1835 478 1917 fuisse,
507 1848 686 1925 antequam
715 1861 734 1904 e
757 1838 864 1904 tribus
885 1838 951 1901 illis
970 1838 1122 1903 tribubus

110 1953 233 2017 civitas
251 1962 435 2031 constaret,
457 1952 668 2020 manifestum
682 1966 743 2019 est.
786 1952 861 2018 Jum
883 1973 983 2040 quum
997 1948 1122 2017 Titien-

108 2071 195 2137 sium
217 2070 337 2161 tribum
357 2068 500 2136 foedere
518 2071 649 2134 demum
672 2091 748 2136 cum
770 2069 904 2135 Sabinis
929 2071 997 2134 icto
1025 2068 1121 2133 addi·

107 2198 178 2253 tum
201 2205 288 2257 esse,
304 2196 453 2265 constet,
481 2199 595 2251 errant
618 2186 706 2250 baud
731 2187 846 2266 dubie,
873 2185 928 2271 qui
956 2183 1121 2249 antehoc

110 2303 235 2370 foedus
265 2304 376 2368 statim
404 2314 483 2387 post
508 2303 624 2367 urbem
654 2300 821 2367 conditam
843 2299 1021 2365 Romulum
1049 2310 1119 2365 tres

109 2424 257 2515 equitum
286 2421 454 2486 centurias
481 2419 665 2505 scripsisse
694 2420 844 2497 tradunt,
868 2417 984 2483 Livius
1008 2428 1118 2480 eutem

110 2551 210 2605 caute
226 2538 432 2625 consilioque
452 2549 531 2623 post
550 2549 710 2625 receptos
733 2538 765 2603 in
788 2537 954 2601 civitatem
971 2512 1118 2600 Sabinos

109 2657 144 2721 id
163 2654 290 2721 fuctum
317 2675 397 2721 esse
419 2655 556 2740 scripsit
585 2666 618 2721 et
641 2655 732 2742 qnod
753 2654 891 2719 addidit:
921 2652 1117 2732 „Lucerum

108 2772 253 2839 nominis
272 2784 305 2837 et
316 2771 454 2856 originis
469 2791 574 2837 causa
593 2774 722 2837 incerto
737 2775 829 2848 est,“
851 2790 892 2834 eo
912 2770 1020 2855 probe
1041 2787 1117 2831 euru

107 2889 262 2967 sensisse
278 2899 437 2973 opponet,
458 2887 612 2953 Luceres
636 2907 768 2973 quoque
796 2886 986 2971 oportuisse
1015 2903 1116 2948 ucce-

108 3008 203 3084 dere,
224 3005 418 3089 priusquam
439 3014 665 3069 trecentorum
685 3002 831 3089 equitum
844 3018 1004 3066 numerus
1026 3014 1116 3063 com·

107 3123 194 3210 pieri
219 3133 351 3207 posset.
401 3098 546 3196 Quando
579 3133 689 3185 autem
723 3119 875 3184 Luceres
906 3118 940 3182 in
974 3116 1116 3209 ciuitatis

108 3212 308 3309 societatem
330 3240 494 3327 uenerint,
516 3250 639 3324 postea
655 3239 832 3324 apparebit
839 3260 850 3315 3
871 3237 906 3300 id
927 3251 1021 3301 nerto
1044 3256 1116 3298 cer.

107 3358 173 3423 tius
194 3367 259 3435 est,
281 3367 359 3422 ente
380 3368 450 3421 tres
471 3357 578 3422 tribus
601 3356 800 3442 conjunctas
813 3363 872 3418 aut
889 3351 1012 3417 nulium
1029 3351 1116 3437 cqui-

105 3487 212 3542 tutum
220 3474 467 3560 Romaesssuisse
488 3479 557 3552 eut,
578 3475 610 3539 si
630 3473 685 3559 qui
699 3472 810 3554 fuerit,
831 3472 937 3535 tribus
954 3469 1114 3535 centuriis

107 3612 176 3656 non
200 3566 404 3657 constitisse.

107 3719 319 3731 ’,ὑ-ιι·-

212 3776 244 3849 5)
263 3775 333 3836 Liv.
354 3774 383 3845 Ι,
400 3773 454 3848 13;
475 3773 608 3852 Dionys.
628 3771 741 3847 11‚13;
760 3770 869 3833 Joanu.
882 3768 965 3850 Lyd.
977 3762 1016 3837 ds
1036 3787 1115 3845 meg.

106 3868 179 3940 1,s;
203 3867 283 3929 Plut.
298 3867 390 3928 Rom.
415 3864 464 3939 133
488 3865 586 3926 Varro
609 3865 675 3928 di.
698 3863 860 3935 t.1v‚1u
950 3918 953 3923 .
