2466 4576
524 272 765 367 ‘⁸7‘.

111 470 233 544 tnrqne
268 464 402 524 nomine
428 478 472 522 ex
506 458 699 542 antiquitate
736 454 880 540 r'a'petito
916 458 1120 520 tribunorum

114 577 336 644 aerariorum.
381 576 456 648 Quo
479 573 569 639 laeto
596 575 679 638 ordo
709 575 910 640 constitutus
939 583 993 639 est
1019 573 1120 638 tribu·

112 712 232 759 nurum
249 693 462 756 'aerariorum
501 692 620 756 eodem
652 692 763 770 modo,
792 702 827 755 ut
858 691 1003 775 equiturn
1035 691 1119 754 ordo

113 821 191 876 tune
212 810 343 873 demum
364 827 444 874 esse
466 810 588 892 eoepit,
607 808 663 872 ubi
680 807 809 892 judicia
829 808 870 873 iia
893 808 1016 873 tradita
1030 818 1118 872 suut.

114 927 222 999 Quum
261 936 373 988 autem
408 922 462 988 illo
498 937 650 1007 tempore
677 924 710 988 in
740 925 868 1008 primae
894 923 1015 989 elassis
1040 943 1117 987 cerr·

112 1043 206 1106 turiis
227 1038 409 1124 permultos
439 1039 547 1104 luisse
578 1050 726 1117 constet,
752 1042 808 1125 qni
837 1060 973 1105 censum
1014 1059 1119 1124 equa-

112 1169 215 1222 stram
234 1156 414 1234 haberent,
435 1174 477 1220 ex
501 1154 619 1239 iisque,
642 1166 677 1219 nt
697 1156 753 1239 qui
775 1153 949 1238 plurimum
971 1157 1117 1220 auetori-

111 1285 179 1338 tate
203 1264 381 1356 et'opibns
402 1268 562 1348 valerent,
584 1272 726 1336 tribuum
743 1281 916 1335 curatores
940 1244 1120 1335 maximani‘

110 1401 241 1474 partem
268 1387 375 1452 lectos
397 1408 476 1453 esse
505 1387 685 1454 verisimile
707 1388 767 1453 sit:
788 1389 874 1453 iuter
894 1388 1030 1472 judicas
1053 1398 1117 1452 ter-

109 1510 178 1572 tiae
199 1507 356 1571 decnriaa
378 1515 595 1588 aupraetore,
627 1526 724 1591 quem
756 1505 923 1589 dignitatis
953 1504 1116 1569 rationem

109 1623 272 1687 habuisse
298 1631 559 1686 consentaneum
588 1632 660 1699 est,
688 1622 739 1686 vix
766 1639 964 1705 quemqnam
993 1620 1116 1684 leeturu

110 1760 203 1816 ease,
225 1739 287 1802 nisi
310 1741 365 1823 qui
387 1757 526 1803 censum
554 1749 744 1822 equestrem
766 1738 925 1817 haberat,
939 1739 1019 1822 jure
1045 1736 1114 1801 aol-

109 1856 169 1940 ligi
191 1874 295 1936 posse
316 1855 445 1917 videtur
455 1852 526 1937 141).
571 1852 670 1916 Unde
702 1853 828 1919 lautum
856 1863 927 1932 est,
953 1863 990 1916 nt
1015 1873 1114 1936 quum

110 1971 168 2034 alii
191 1983 257 2034 tum
273 1969 400 2035 Cicero
423 1973 499 2052 (pru
520 1969 647 2035 Flacco
666 1969 717 2034 38.
731 1969 764 2046 2)
788 1970 938 2034 tribunos
962 1971 1114 2041 aerarios

110 2089 257 2172 equitum
280 2089 415 2152 nornine
443 2086 859 2172 computreretur1w).-
891 2087 1017 2151 Eadem
1036 2086 1114 2171 lege

107 2200 246 2266 Aurelia
268 2202 450 2265 institutum
471 2213 539 2280 ast,
573 2213 609 2266 ut
628 2223 716 2278 non,
747 2202 780 2264 id
810 2202 900 2285 quud
920 2213 1020 2266 autea
1041 2201 1114 2267 fieri

108 2317 258 2393 solebat,
287 2319 320 2380 in
340 2337 438 2381 unam
466 2317 606 2382 sitellam
625 2317 777 2402 judicum
800 2315 944 2382 tabellae
966 2318 1113 2401 conjice·

61 2501 68 2508 ,
108 2433 304 2508 rentur,sed
316 2451 411 2497 suam
424 2451 578 2515 quaeque
595 2430 1116 2511 decuriasitellamhaberet¹⁶¹);

107 2548 142 2610 id
170 2548 256 2629 qnod
290 2546 366 2628 lege
398 2547 531 2610 Vatinia
562 2544 744 2623 sublatum,
771 2546 889 2610 eodem
917 2565 1005 2609 anno
1036 2543 1113 2628 lege

107 2661 205 2728 Fufia
232 2664 419 2727 restitutum
452 2673 517 2729 est.
568 2663 725 2748 Sequitur
750 2662 805 2727 lex
835 2663 995 2747 Pompeja
1024 2683 1112 2727 anno

109 2780 357 2845 sexcentesimo
377 2780 596 2862 nonagesimo
616 2800 704 2844 nono
723 2779 802 2848 lata.
847 2779 922 2851 Qua
943 2779 1020 2862 lage
1035 2781 1113 2865 qnid

214 3064 281 3138 149)
321 3063 382 3125 cn.
406 3065 517 3144 Zumpt
532 3085 562 3144 p.
582 3064 629 3124 92.
653 3070 715 3125 not.
736 3064 762 3124 l.

216 3151 283 3227 150)
324 3154 364 3213 id.
391 3174 446 3234 pro
474 3154 590 3215 Gluent.
618 3154 665 3214 47.
706 3155 811 3215 Sahal.
834 3154 910 3214 Bab.
931 3155 968 3213 ad
994 3176 1037 3214 ur.
1060 3175 1113 3234 pro

108 3246 219 3306 flacco
239 3245 274 3303 2:
293 3244 406 3304 tribuni
425 3246 533 3306 aerarii
554 3253 586 3306 et
606 3247 727 3324 equites
747 3245 888 3315 Romani,
907 3245 1048 3324 ejusdem
1068 3267 1114 3305 or·

110 3338 191 3397 dinis
214 3335 279 3393 viri.
319 3332 382 3393 cfr.
402 3335 522 3427 Zumpt.
543 3357 573 3419 p.
592 3337 637 3397 92
659 3342 720 3397 not.
745 3336 770 3395 l.

214 3407 367 3481 151)csr.t
393 3406 529 3486 Guttlmg
558 3431 588 3489 p.
608 3409 674 3470 476.
714 3411 930 3488 Marquardtus
959 3386 1114 3471 hoc⁹lnen

106 3503 151 3576 (p.
173 3499 223 3572 ta)
244 3500 274 3557 iu
296 3499 401 3558 mirum
423 3497 525 3558 incidit
543 3519 683 3560 errorem.
720 3498 812 3570 Quod
831 3502 909 3561 enim
929 3502 997 3579 lege
1033 3501 1115 3562 Fufia

107 3590 234 3667 primum
258 3588 427 3647 institutum
447 3606 521 3647 essa
540 3593 582 3648 alt
598 3608 676 3648 euno
696 3589 768 3658 694,
794 3597 827 3649 ut
851 3611 909 3649 sua
935 3592 1043 3667 cuique
1065 3590 1114 3650 de·

108 3677 210 3736 curiae
232 3695 307 3736 urna
325 3683 426 3749 esset,
446 3679 515 3758 ejus
534 3680 704 3758 exemplum
724 3678 813 3740 affert
832 3679 871 3740 de
884 3680 1011 3742 Catilina
1031 3701 1116 3758 repa·

108 3765 267 3826 turdarum
286 3776 430 3829 accusato
449 3768 608 3848 judicium,
630 3768 711 3849 quod
723 3768 870 3830 aun0689
889 3769 1024 3831 habitum
1046 3791 1118 3832 essa

111 3876 173 3938 qao
190 3855 314 3917 scribit.
