2466 4576
428 222 720 325 ''3-80-

956 286 1046 385 r=
1159 288 1163 299 ·

995 392 1163 479 'Qu'

109 534 156 621 V,
208 534 269 609 De
291 478 456 634 equiturn
479 532 567 607 iude
593 557 615 607 a
635 474 893 609 Gracchorum
914 490 1042 607 aelate·
1059 556 1124 627 αι-
1147 530 1159 625 j

136 696 209 770 que
232 670 279 744 ad
300 669 357 744 rei
382 667 552 767 publicae
568 667 710 743 liberae
732 668 844 742 finem
869 664 1108 745 cromdona..

213 836 391 921 Tempora,
414 836 502 922 quad
522 837 673 920 proxime
695 847 898 931 sequuntur,
910 836 1154 943 'optimatium

109 955 384 1072 populariumque
407 956 590 1020 certamina
610 952 665 1018 illa
687 952 871 1032 continent,
893 973 992 1038 quae,
1015 954 1124 1043 cauca

111 1085 145 1139 et
167 1075 262 1158 origo
287 1072 362 1138 mali
384 1094 483 1158 quum
504 1072 536 1137 in
560 1078 687 1137 morum
708 1069 912 1156 corruptela,
928 1046 1155 1161 paoccrultt

109 1181 288 1278 opulentia,
310 1190 525 1256 multitudinis
547 1184 711 1274 egestate,
734 1188 915 1255 nobilitatis
935 1188 1040 1255 nimia
1063 1192 1155 1276 porl:
1131 1178 1163 1215 '

108 1310 227 1389 tentia,
249 1310 497 1395 provinciarum
528 1306 715 1373 calamitate
738 1300 849 1392 posita
872 1312 988 1386 essct,¹
1008 1306 1121 1373 Grac-

111 1427 249 1493 chorum
268 1437 379 1492 aetate
402 1437 598 1511 eruperunt,
620 1439 653 1490 et
675 1447 774 1510 quum
799 1424 955 1491 nobilitas
977 1425 1121 1510 dignita-

109 1557 188 1624 tem,
211 1545 356 1631 populus
376 1544 563 1610 libertatem
585 1545 618 1608 in
640 1543 818 1609 lubidinem
832 1552 967 1608 vertere
985 1543 1121 1628 coepis-

108 1664 239 1744 set¹²⁶),
261 1665 295 1729 in
318 1663 633 1729 diesvehementius
649 1670 861 1728 exarserunt.
903 1652 986 1727 Mori
1007 1682 1121 1727 acon·

108 1784 240 1849 ciocum
262 1780 536 1847 altercationibus
558 1783 601 1846 ad
625 1802 718 1846 arma
741 1782 877 1864 etnim,
904 1782 947 1845 ab
979 1781 1120 1847 urbanis

108 1899 304 1966 tumultibus
328 1899 371 1963 ad
398 1897 486 1964 bella
510 1897 621 1963 civilia
648 1896 859 1964 atrocissima
887 1906 1022 1963 ventum
1053 1910 1119 1978 est,

110 2038 196 2104 quae
217 2027 387 2102 postremo
413 2019 446 2080 in
474 2016 524 2081 rei
550 2016 703 2100 publicae
727 2018 856 2081 ruinam
884 2002 1120 2101 libertatisque

109 2134 243 2201 exitium
265 2143 446 2198 verterent.
492 2132 528 2196 ln
550 2154 616 2218 quo
634 2128 776 2216 partium
793 2128 977 2199 certamine
998 2144 1032 2198 et
1054 2155 1116 2219 po-

108 2248 272 2335 pularium
302 2248 445 2332 partium
472 2248 524 2313 vis
556 2259 591 2312 et
618 2248 720 2313 robur
745 2238 777 2313 in
809 2240 929 2314 'ordine¹
946 2238 1118 2335 equestri,

109 2379 143 2436 et
164 2367 307 2434 civilium
335 2366 582 2432 contentionum
610 2368 777 2432 uberrima
805 2366 944 2457 materia
976 2368 1009 2432 in
1037 2366 1118 2452 legi·

106 2488 171 2552 bus
179 2485 367 2572 judiciariis
382 2485 492 2569 posita
507 2496 592 2563 erat,
615 2507 725 2570 quum,
737 2487 792 2571 qui
813 2476 939 2599 judicia
952 2474 1117 2564 tenerent,

109 2616 142 2671 et
163 2606 227 2688 ipsi
246 2604 381 2687 impune
401 2603 515 2667 socios
536 2623 679 2681 vexare,
706 2594 899 2688 provincias
924 2604 1117 2683 exhaurire,

107 2720 348 2805 rempublicam
369 2717 541 2803 peculari,
570 2704 664 2803 leges
692 2714 907 2787 contemnere
938 2744 1046 2807 posse
1060 2724 1118 2790 ¹-vi

109 2839 281 2913 darentur,
312 2848 346 2903 et
381 2837 649 2903 adversariorum
678 2839 816 2926 injurias
844 2840 1046 2925 propulsare
1074 2861 1117 2906 ac

108 2958 300 3034 vindicare,
320 2954 509 3034 multarum,
530 2955 636 3035 exilii,
658 2957 774 3023 mortis
794 2960 935 3044 denique
959 2970 1048 3025 metu
1068 2961 1117 3047 ip·

107 3092 168 3140 sos
198 3085 327 3152 terrere
354 3070 518 3139 valerent.
567 3073 635 3138 Sed
663 3074 704 3139 de
728 3076 869 3159 partium
895 3077 1017 3143 studiis
1050 3066 1117 3143 sin·¹

108 3193 243 3279 gulatim
266 3202 323 3256 aut
348 3213 409 3276 pro
429 3191 653 3276 magnitudine
676 3193 847 3267 disserere
876 3205 909 3263 et
930 3215 951 3259 a
973 3195 1115 3263 consilio

108 3292 142 3378 ct
167 3331 188 3374 a
215 3330 373 3374 mensura
400 3310 500 3392 hujus
529 3311 683 3392 opusculi
717 3311 859 3377 alienum
883 3323 972 3393 ·est;
1001 3332 1115 3400 quam·

107 3430 223 3495 obrem
250 3427 346 3513 leges
367 3425 565 3511 judiciarias
592 3445 788 3494 enumerare
810 3442 845 3494 et
862 3412 1116 3514 publicanorum

107 3547 319 3634 equltumque
340 3565 427 3629 equo
449 3534 606 3627 publico,
634 3520 727 3633 quae·
749 3569 812 3633 per
838 3548 905 3614 hoc
926 3559 1061 3634 tempus
1082 3551 1116 3614 in

212 3830 280 3906 lto)
320 3828 380 3891 Clr.
400 3829 524 3891 Sallust.
545 3830 697 3910 Jugurtha
714 3833 761 3892 tl.
