2466 4576
466 329 502 343 ..
550 295 673 361 ῃ·-

63 454 223 523 anxilinm
243 457 409 525 adversus
430 461 577 531 Sabinos
599 466 769 548 praebuit:
796 485 838 530 eo
862 466 949 551 quod
973 464 1007 529 in
1030 483 1072 530 ec

63 579 265 645 domicilium
303 580 434 666 habuit}
474 581 511 645 ln
551 583 593 647 iis
630 594 741 649 auten
775 603 861 669 qnae
892 584 934 649 de
957 582 1072 653 Tusco

61 700 140 765 vico
163 699 265 763 tradit
282 698 385 781 longe
408 718 429 762 c
452 698 609 763 Varrone
637 700 780 776 recedit3
804 701 911 766 dictus
940 711 1011 780 eut,
1037 703 1073 767 in

62 819 152 902 quit,
186 817 277 902 quod
311 815 356 879 ibi
381 814 617 881 habitaverunt
649 815 771 895 Tusci,
801 816 857 901 qui
889 818 1073 883 recedente

61 938 105 1001 ab
129 935 306 1001 obsidione
321 934 470 999 Porsena
493 946 734 1001 remanserunt.
780 935 933 1009 Quocum
948 936 981 999 in
1001 934 1071 1001 nni·

62 1075 200 1121 versum
220 1053 335 1119 Livius
356 1053 396 1129 11,
423 1052 462 1117 14
483 1054 665 1131 consentit,
698 1054 754 1138 qni
780 1055 822 1119 ab
842 1054 992 1119 Aricinis
1023 1053 1072 1118 vi·

63 1173 130 1239 ctis
140 1171 296 1238 Etruscis
318 1181 446 1253 partem
458 1168 678 1253 perexiguam
695 1170 963 1236 narratRomam
983 1171 1069 1237 incr·

61 1308 136 1355 ures
161 1287 351 1373 perfugisse
373 1288 483 1372 ibique
510 1287 653 1370 benigue
689 1299 851 1370 exceptos
871 1289 989 1372 partim
1012 1308 1069 1353 cu·

61 1408 146 1473 ratis
164 1406 358 1474 vulneribus
387 1406 518 1469 domum
551 1405 707 1469 dimissus
738 1425 834 1482 esse,
864 1405 983 1489 partim
1015 1424 1069 1469 re·

61 1524 230 1589 mansisse
254 1522 430 1605 iocumque
454 1521 498 1584 ad
520 1520 733 1587 habitandum
759 1522 952 1605 accepisse,
971 1541 1071 1605 quem
1207 1536 1210 1542 ·

62 1639 184 1705 deinde
213 1638 358 1703 Tuscum
388 1639 497 1705 vicum
525 1637 780 1723 appellaverint.
826 1639 978 1705 Omnium
1011 1659 1069 1705 au·

61 1769 128 1823 tem
168 1755 459 1840 perturbatissime
492 1754 644 1840 Dionysii
680 1757 829 1820 narratio
867 1769 928 1823 est.
984 1759 1071 1823 Sunt

61 1874 150 1941 eninr
181 1873 269 1939 haec
294 1873 367 1939 fere
398 1884 484 1957 quae
510 1873 627 1937 tradite
653 1873 727 1939 iibri
754 1876 893 1941 secundi
915 1896 994 1960 cap.
1017 1875 1070 1945 36.

60 2111 167 2184 nisse,
187 2107 238 2172 cui
247 2105 362 2172 Caelio
385 2128 506 2171 numen
528 2107 629 2173 fuerit
648 2111 692 2175 cb
716 2130 823 2195 eoque
845 2111 968 2175 dictum
988 2130 1067 2176 esse

61 2235 206 2295 montem
227 2223 376 2290 Caelium
386 2224 458 2309 16),
485 2227 574 2309 quod
600 2226 645 2290 ibi
674 2228 788 2291 sedem
814 2229 965 2310 ceperit,
988 2247 1066 2312 cap.

58 2339 101 2405 37
133 2341 360 2408 Lucumonem
399 2345 568 2428 quendem
598 2354 632 2407 et
667 2345 776 2428 ipsum
803 2344 981 2409 Etruscum
1007 2365 1066 2409 au·

60 2457 139 2525 xiiia
161 2459 245 2527 satis
264 2458 377 2525 valida
397 2459 542 2525 Romulo
565 2461 703 2525 duxisse
727 2481 867 2546 eumque
890 2460 988 2527 alteri
1009 2481 1067 2525 ex·

59 2576 188 2641 orcitus
210 2577 294 2659 parti
317 2577 351 2645 in
380 2598 494 2664 pugna
527 2598 602 2640 cum
631 2577 766 2642 Sabinis
793 2578 1005 2662 praefuisse,
1033 2578 1066 2643 iu

59 2695 213 2759 secunda
238 2705 350 2759 autem
378 2706 476 2778 (cap.
503 2693 562 2769 43)
590 2716 664 2760 cunr
694 2696 812 2761 iisdem
840 2715 952 2779 pugna
977 2697 1067 2761 occi·

60 2812 168 2886 disse3
191 2832 265 2896 cap.
284 2813 328 2875 50
348 2813 492 2897 denique
515 2834 536 2876 a
555 2812 700 2877 Romulo
724 2824 757 2876 et
774 2813 869 2876 Tatio
893 2815 979 2878 duos
1000 2812 1067 2879 ccl-

58 2926 111 2999 ies
128 2930 206 2997 urbi
227 2930 360 2995 additos
384 2951 462 2995 esse
484 2929 655 3003 Quirinum
678 2940 712 2993 et
740 2929 906 3009 Caelium,
936 2941 973 2995 et
993 2931 1067 2995 Ro·

59 3046 184 3113 mulum
207 3048 337 3131 quidem
362 3047 549 3113 Palatinum
570 3047 722 3112 tenuisse
742 3058 778 3112 et
800 3046 970 3127 Caelium,
1000 3047 1066 3112 Tn-

56 3165 140 3233 tium
167 3176 294 3231 autem·
311 3163 541 3249 Capitolinum·
568 3175 602 3229 et
630 3167 815 3243 Quirinum.
861 3167 1066 3233 Lucumonis

58 3279 148 3349 illius
176 3293 214 3347 et
236 3278 344 3345 Caelii
370 3280 466 3357 nulla
495 3283 617 3347 exinde
641 3282 679 3347 fit
701 3284 836 3353 mentio.
880 3285 933 3349 De
964 3296 1064 3353 tusco

56 3396 137 3463 vico
162 3407 275 3465 nutem
302 3397 347 3474 V,
371 3396 415 3461 3ss
444 3399 565 3475 eadem
590 3397 665 3465 fere
687 3411 790 3484 etque
808 3400 926 3469 Livius
943 3404 1065 3484 ‚tradit

57 3513 255 3597 Propertius
286 3523 405 3581 contin
429 3525 563 3581 tuscum
580 3516 693 3583 ,vicum
714 3536 736 3583 a
756 3517 962 3585 Lumnredio
982 3520 1065 3599 Tua·¹

57 3678 293 3705 ...ἀκακία-Μ’

164 3795 212 3871 15)
253 3797 392 3859 Eundem
414 3799 550 3863 Caelium
571 3799 629 3871 ΙΙΙ,
651 3801 666 3860 Ι
688 3822 706 3860 c
728 3792 816 3863 'iulio
836 3803 971 3866 Hostilio
996 3807 1061 3868 urbi

52 3885 419 3955 additumessesctibit
524 3938 528 3945 .
694 3930 709 3949 «ι
