2466 4576
502 259 714 329 »84-

108 451 163 506 tus
177 441 306 527 judicia
327 444 357 509 si
382 463 449 508 non
470 455 554 524 tota,
583 458 618 512 at
643 466 688 512 ex
709 456 807 531 parte
833 457 945 512 tamen
973 463 1119 532 recupa·

108 559 205 622 randi
225 580 321 645 spem
343 562 514 646 deposuit3
538 583 616 629 mox
639 561 753 628 Sullae
774 564 976 628 auctoritate
992 563 1026 628 in
1042 540 1120 632 dies

109 685 287 741 crescente
309 677 400 742 vires
421 679 604 762 reparavit,
626 677 852 763 perdetque,
873 688 910 742 ut
928 698 1016 745 anuo
1038 695 1122 749 sax·

108 792 289 856 centesimo
311 796 527 880 sexagesimo
548 797 661 879 quinto
680 795 738 858 lex
749 794 880 860 Plautia
899 795 1120 880 pertonmn,

107 927 213 992 equa
236 910 342 975 tribus
361 912 516 995 singulae
547 930 592 976 ex
619 931 682 978 suo
708 930 848 977 numero
869 912 989 998 quinos
1011 914 1121 980 denos

108 1025 286 1108 quotannis
303 1025 440 1111 judices
465 1025 701 1107 crearentm).
735 1025 810 1129 Qqa
829 1026 1123 1113 legequamquan

108 1151 142 1203 et
162 1142 377 1206 senatoribus
399 1154 434 1204 et
453 1141 595 1228 plebejis
619 1142 664 1206 ad
687 1143 819 1228 judicia
850 1144 962 1211 aditus
987 1143 1120 1228 petete-

109 1268 185 1323 ctus
205 1270 298 1339 erat,
328 1270 440 1324 temen
462 1271 587 1325 tantum
612 1258 783 1344 publicani
808 1260 842 1324 in
863 1261 1007 1326 comitiis
1027 1259 1122 1327 velu-

108 1377 178 1441 isse
196 1378 367 1455 videntur,
390 1389 426 1441 ut
439 1376 537 1462 longe
551 1376 681 1461 plurimi
696 1378 833 1464 judices
850 1393 894 1443 en
908 1377 949 1443 lis
964 1379 1121 1463 legeren-

108 1503 169 1558 tur.
214 1494 364 1568 Quodsi
385 1514 452 1558 non
474 1495 520 1558 ita
541 1489 677 1572 fuisset,
701 1492 824 1559 Cicero
846 1492 1047 1578 (tollerm'l,
1060 1494 1123 1580 13)

109 1611 260 1675 ordinem
282 1623 471 1695 equestrem
499 1630 608 1677 anuos
633 1625 741 1696 prope
769 1612 1011 1696 quinquaginta
1036 1628 1121 1676 eon·

109 1726 221 1792 tinnos
236 1727 448 1811 judicavisse
472 1727 585 1791 dicere
605 1746 673 1792 non
695 1738 836 1811 poterut

215 1842 364 1907 Maxima
385 1852 496 1908 autem
518 1843 570 1906 rei
581 1841 783 1928 judiciariae
804 1842 942 1906 mutatio
960 1860 1025 1925 per
1044 1843 1122 1910 Sul·

109 1957 176 2022 lam
206 1957 298 2022 facta
325 1970 389 2024 est.
437 1957 644 2043 Simulatque
674 1959 761 2023 enim
793 1959 961 2023 dictatura
992 1959 1123 2043 potitus

111 2086 172 2152 est,
198 2075 358 2139 trecentis
371 2074 537 2160 equitibus
555 2073 654 2139 lectis
668 2083 821 2138 senatum
833 2071 1005 2157 supplevit
1022 2075 1122 2159 eique

104 2190 236 2276 judicia
257 2190 416 2273 reddidit,
435 2190 572 2275 judices
603 2209 739 2267 cmueS,
765 2199 803 2253 ut
826 2207 847 2252 a
876 2200 1035 2272 praetore
1062 2212 1123 2256 ur·

111 2307 406 2392 banolegerentur
427 2305 644 2392 instituit¹⁸⁸).
689 2304 919 2386 saltitantem,
940 2312 1042 2370 nemo
1063 2307 1124 2372 du·

111 2425 238 2502 bitabit,
261 2425 338 2509 quin
360 2424 538 2488 maximam
559 2434 689 2505 partem
711 2422 841 2507 equites
862 2425 950 2506 equo
974 2421 1124 2506 publico,

112 2544 168 2626 qui
190 2563 264 2606 cum
287 2541 492 2625 optimatium
513 2540 664 2623 partibus
686 2539 877 2605 arctissime
902 2550 1021 2604 esseut
1039 2560 1123 2606 con„

106 2659 229 2743 juncti,
251 2676 303 2736 ac,
326 2660 450 2740 siquos
472 2654 684 2740 publicanos,
707 2654 946 2720 deditissimum
955 2673 1125 2740 quemque

113 2794 241 2840 causac
264 2773 446 2840 nobilitatis
468 2774 501 2837 in
522 2783 676 2837 senatum
695 2771 826 2856 legerit.
868 2772 988 2856 Neque
1009 2780 1124 2838 temen

112 2902 252 2958 senatus
272 2891 381 2976 major
402 2911 501 2976 quem
523 2890 668 2974 equitnm
690 2891 723 2954 in
741 2889 929 2974 judicando
947 2890 1125 2976 integritas

114 3021 201 3085 erat3
233 3011 352 3074 eadem
373 3009 524 3094 judicum
551 3008 745 3092 corruptio,
777 3008 895 3071 eadem
921 3007 954 3071 in
979 3008 1124 3091 partium

114 3127 229 3192 socios
248 3125 382 3208 lenitas,
399 3125 431 3188 in
444 3126 660 3189 adversarios
679 3123 873 3201 crudelitas,
896 3124 1015 3188 eadem
1032 3125 1124 3191 deni·

115 3266 180 3330 que
195 3244 348 3322 avaritia,
364 3242 537 3327 injustitia,
550 3222 786 3327 nequitia¹⁸⁹).'
806 3220 894 3305 Vivo
905 3246 1016 3323 autem
1029 3240 1126 3307 Sulla

115 3361 360 3428 senatoricrum
377 3359 584 3444 judiciorum
605 3358 731 3425 invidia
755 3356 886 3425 occulta
911 3368 1014 3443 atque
1034 3379 1125 3429 cotu-

120 3527 324 3541 „wc—-

230 3595 297 3668 137)
338 3590 428 3658 Geib.
447 3617 477 3679 p.
501 3595 564 3658 199.
790 3616 791 3620 ’

228 3687 298 3764 138)
337 3686 406 3748 Liv
426 3688 499 3767 epit.
521 3685 568 3747 89.
607 3685 719 3767 Vellej.
741 3683 783 3767 ll,
808 3669 855 3746 32.
895 3683 992 3744 Tacit.
1013 3613 1126 3753 Alieni.

117 3779 171 3852 xl,
190 3780 237 3840 22
279 3779 343 3841 Cic
366 3800 420 3860 pro
443 3778 559 3840 cluent.
579 3778 628 3839 43.
668 3777 721 3838 cfr.
743 3758 833 3839 [ieib.
854 3798 888 3859 p.
909 3773 979 3837 211

103 3930 106 3934 .
221 3871 291 3947 139)
330 3871 391 3933 cfr.
413 3870 475 3932 cic.
497 3889 553 3951 pro
575 3848 693 3932 Glueut.
712 3867 761 3930 24.
