2466 4576
381 277 667 365 .-e-—

10 504 12 519 ·
58 479 154 557 bant,
170 478 240 543 sed
256 477 364 543 etiem-
376 495 421 539 ex
440 475 617 564 dnodeoim
639 473 784 556 equitnm
804 469 1070 551 oenmriisoeto,

58 596 234 682 principes
250 606 370 661 nonne
387 593 529 659 civitatis
541 602 640 657 veste
655 603 781 657 mittete
794 590 969 676 supplices
991 591 1064 676 ple

10 716 12 727 '
57 719 128 781 bem
141 714 372 783 circumirent:
397 713 474 777 inde
497 731 539 774 ex
555 710 719 793 equitibus
735 729 823 794 equo
841 708 1072 794 publiooeos,¹

57 832 107 917 qui
141 832 176 895 in
217 829 395 897 duodecim
424 828 581 893 eenturiis
616 838 843 906 erant,.'oum
858 826 1064 912 -publicanis

56 950 213 1028 stetisse,
245 949 290 1017 ad
324 968 410 1031 quos
439 947 513 1011 sine
540 945 638 1011 dnbio
663 945 730 1030 ipsi
757 964 909 1031 tungriam
935 956 1067 1031 partem

55 1069 280 1155 pertinerent,
302 1084 365 1131 sex
387 1064 549 1149 suffrngin
574 1074 687 1129 eutem
711 1074 891 1130 senatores
919 1063 1067 1130 nobiles·

55 1206 122 1273 qne
138 1184 369 1263 -eontinuisse,
395 1177 538 1274 (unm-'ut
550 1190 677 1249 oeteis
699 1182 913 1267 patriciorum
932 1181 1069 1266 privile-

56 1307 112 1393 gia
139 1299 532 1388 sie;p1·ineipem·;buno
564 1301 598 1365 ln
634 1300 773 1365 eomitiis
805 1300 917 1365 looum
949 1301 1074 1366 nobili-¹

56 1422 212 1491 tes-sibi·
226 1410 497 1510 vindicaverat),
514 1419 659 1502 ideoque
683 1439 706 1482 e
724 1417 828 1483 Livio·
846 1419 973 1483 diserte
998 1439 1066 1484 uon

58 1550 323 1623 commemorata
344 1514 611 1622 esseepperet,
635 1537 725 1620 qnod
745 1539 788 1602 eb
813 1537 853 1601 iis
878 1537 1069 1602 absolutum

58 1677 344 1733 esseeenserem
370 1676 435 1740 pet
456 1674 496 1721 se
517 1657 684 1739 peteret.“
735 1654 847 1737 Atque
869 1655 916 1719 ita
938 1657 1075 1739 quidem,

58 1776 321 1861 Memnonem
351 1774 409 1838 eui·
431 1773 576 1837 Peterus
601 1770 691 1837 bueo
724 1772 863 1836 maxime
891 1775 1076 1857 opposuitn

59 1895 206 1971 Primum
227 1894 261 1956 in
284 1911 392 1957 oense
413 1909 593 1956 censorum
619 1889 715 1953 nimis
741 1889 883 1956 arsisse-
896 1889 985 1954 illum
1006 1913 1075 1975 pue

59 2012 269 2109 bliesnorum
295 2011 328 2075 in
356 2029 417 2074 eos
444 2009 573 2084 odium;
594 2027 706 2090 neque
732 2008 821 2071 enim
845 2007 944 2074 bane·
961 2010 1072 2077 solem

60 2140 113 2208 tot
133 2128 292 2196 centuriis
317 2147 456 2199 eausam
477 2124 585 2191 fuisse
613 2142 791 2191 censorem
815 2129 1077 2215 condemnandi,

64 2247 260 2321 accessisse
283 2245 381 2325 alias,
408 2239 582 2339 (asperam
601 2262 778 2311 censuram
805 2248 1077 2337 concionemqne-

65 2389 85 2433 n
107 2366 240 2433 tribuno
266 2357 473 2450 avocatam),
499 2362 728 2429 accusationis
741 2373 853 2429 autem
875 2384 992 2432 ansam
1014 2358 1078 2434 dess.

65 2485 333 2572 uisseinjurien
356 2483 510 2549 libertino
533 2480 668 2547 laetam.
695 2482 849 2549 .-Deinde
870 2485 967 2551 alteri
993 2509 1078 2553 eeu:-

65 2624 187 2677 suumn
208 2603 304 2671 etiam
333 2600 490 2677 nobilium
517 2601 676 2686 ipsorum.
695 2599 817 2667 multos
842 2601 997 2670 infensos
1022 2605 1072 2671 fu·

65 2724 349 2805 isse-appaqepet
372 2719 706 2805 si·eptim=.duodenim
732 2721 875 2804 equitum
901 2726 1074 2791 'centuriae

66 2858 232 2925 magnemg
247 2848 390 2922 partem·
404 2837 446 2905 ad
468 2834 669 2920 publicanos
692 2838 951 2920 pertinuissent,
978 2844 1081 2908 nobis,

66 2956 157 3039 libus
172 2957 215 3033 ab
239 2954 390 3029 initioin
417 2951 938 3039 iisnullauspen-poneudnm,
956 2968 1076 3042 neque

67 3076 187 3157 mirum
211 3071 355 3147 futurum
388 3069 534 3150 fuisse,¹
554 3072 653 3154 qued·
668 3090 847 3137 censorem
874 3074 1077 3141 condemna*

68 3190 209 3257 vissent.
262 3188 347 3254 'l'um
371 3189 627 3272 Merquerdtum
653 3209 770 3254 seeum
790 3189 900 3274 ipsum
912 3204 1076 3278 pugnaret

71 3305 272 3393 Papinulii.
295 3316 329 3369 et
353 3306 394 3369 17
409 3316 443 3370 et
463 3306 504 3375 il
537 3307 642 3388 enim,
672 3327 759 3372 seon
774 3288 1077 3396 tores'eornmque

71 3422 167 3497 filios
189 3423 413 3523 duodeuiginti
453 3422 597 3506 equitum
616 3482 619 3487 .
639 3425 816 3489 oentutins·
828 3442 837 3469 ··
850 3426 1084 3512 eontplevisse.

72 3541 271 3626 equitesque
299 3562 395 3625 equo.
423 3540 572 3624 publieo¹
587 3543 724 3613 eosdem
750 3541 824 3607 fere
846 3541 953 3609 luisse
977 3555 1081 3629 atque

71 3656 218 3738 nobiles,
241 3658 577 3735 semeontendisse:
589 3680 592 3685 ’
604 3658 729 3745 pagina
743 3659 785 3723 22
811 3671 923 3725 nutem
941 3632 1083 3729 senatos

71 3795 131 3840 res
156 3775 357 3858 nobilesque
385 3797 503 3841 omues
528 3777 562 3839 in
587 3796 650 3841 sex
677 3775 839 3862 suffragia
860 3778 1081 3862 compellere.

72 3891 204 3955 Deinde
233 3892 359 3976 pagine
382 3891 424 3954 nt
449 3913 545 3956 enno·
562 3882 754 3958 3oentesimo
784 3894 957 3980 trigesimo
980 3896 1080 3961 tertio
