2466 4576
510 284 716 350 ..18-

106 472 220 543 Tusca
240 483 352 539 tamen
375 472 508 536 nomina
531 456 609 535 data
629 479 723 548 suot,
748 467 795 531 ita
816 485 859 530 ne
883 465 925 529 de
944 463 1119 528 Lucerum

107 595 239 679 quidem
262 591 390 678 origine
413 596 458 656 ex'
479 572 720 654 nomine'oerti
748 586 929 671 quidquam
954 581 1119 667 consequi

108 711 287 778 contendo.
327 710 370 774 Et
391 709 464 773 fieri
489 709 658 793 potuisse,
686 715 722 770 nt
743 705 833 770 unde
856 703 954 788 regni
974 700 1121 784 insignia

108 827 331 912 triumphique
358 825 539 910 honora),
569 825 716 888 indidem
738 821 880 885 tribuum
904 837 1037 903 qunque
1058 820 1121 882 no·

107 944 196 1008 mina
216 952 434 1028 peterentur,
468 948 567 1007 nemo
594 939 749 1024 negabit3
784 940 893 1002 utrnm'
919 947 1030 1000 autem
1046 934 1121 1019 jam

108 1060 347 1147 antiquissimis
368 1061 577 1143 temporibus
598 1060 749 1124 tribubus
779 1056 927 1121 romanis
948 1055 1038 1119 haec
1060 1074 1121 1118 no·

109 1178 198 1243 mina
220 1177 360 1255 fuerint,
383 1197 425 1242 an
449 1197 469 1240 a
490 1176 671 1262 Tarquinio
695 1176 813 1241 Prisco
836 1174 967 1238 demum
988 1185 1024 1238 et
1042 1173 1121 1257 ipso

108 1296 255 1362 Etrusco
276 1296 316 1361 iis
339 1297 419 1360 data
439 1293 572 1380 sintfl),
595 1273 782 1380 dijudicare
795 1314 863 1378 non
878 1294 997 1358 audeo.
1021 1291 1121 1357 Unde

108 1424 219 1478 autem
241 1412 366 1477 factum
388 1414 448 1490 sit,
469 1423 507 1476 nt
523 1412 690 1478 Lucerum
714 1413 810 1496 origo
832 1423 928 1476 tusca
950 1431 1031 1476 esse
1054 1425 1122 1474 tra·

109 1531 262 1613 deretur,
289 1540 444 1615 apparet.
497 1529 646 1594 Ramnes
673 1541 706 1592 et
737 1511 841 1594 Tities
872 1531 960 1593 enim
986 1528 1121 1595 Tuscos

107 1669 176 1715 non
202 1666 282 1714 esse
308 1659 445 1713 veteres
471 1666 582 1712 rarum
606 1648 791 1731 scriptores
812 1646 985 1724 sciebant,
1006 1645 1122 1711 Luce.

109 1772 183 1832 rum
199 1777 316 1831 ,autem
339 1766 477 1849 originis
501 1785 607 1830 causa
625 1766 757 1830 incerta
778 1775 996 1850 qunmessct,
1018 1784 1038 1828 e
1060 1785 1121 1828 no·

108 1887 196 1950 mine
219 1896 319 1951 tusco
340 1883 480 1974 aliquid,
504 1885 653 1968 speciem
676 1884 925 1970 quandamveri
948 1882 1041 1967 quod
1060 1881 1120 1946 ha·

109 2003 221 2079 beret,
245 2003 358 2067 conati
380 2003 563 2088 conjicere,
586 2021 703 2067 eorum
725 2002 885 2088 originem
906 2022 982 2067 cum
1005 2000 1121 2066 Tusca

109 2118 262 2196 colonia,
284 2137 383 2204 qnam
405 2117 584 2204 aliquando
606 2117 748 2184 Romam
776 2120 909 2185 ductam
932 2124 1013 2183 esse
1036 2116 1122 2182 oon-

109 2246 232 2314 staret,
253 2236 537 2302 commiscuerunt
559 2246 593 2301 et
620 2257 685 2323 quo
710 2234 1002 2303 verisimiliorres
1023 2235 1122 2300 fleret

107 2369 229 2418 nomen
261 2374 335 2418 cum
364 2364 463 2418 tusco
492 2353 659 2418 vocabulo
685 2355 856 2433 Lucumo,
883 2353 975 2440 quod
996 2373 1122 2418 nomen

109 2475 281 2555 proprium
305 2491 384 2537 esse
407 2470 495 2537 falso
518 2472 706 2551 crederent,
729 2491 894 2558 perversa
915 2469 1123 2556 etymologia

109 2588 360 2674 conjunxerunt.

212 2702 273 2768 His
295 2704 448 2769 omnibus
476 2706 699 2770 consideratis
728 2705 887 2792 vulgares
913 2706 955 2771 de
979 2704 1121 2771 Luceri-

107 2825 171 2888 bus
209 2822 388 2906 opiniones
420 2842 519 2909 quam
554 2822 692 2891 infirmis
725 2826 929 2911 argumentis
960 2826 1120 2910 nitantur,

109 2941 193 3006 satis
216 2940 285 3021 jam
306 2952 474 3025 apparere
504 2942 645 3007 videtur.
693 2941 735 3008 Et
761 2943 790 3007 si
824 2954 961 3026 praeter
991 2942 1121 3006 diserta

109 3058 311 3143 scriptorum
334 3058 523 3123 testimonia
542 3057 632 3122 nulla
654 3060 751 3126 nobis
774 3071 866 3126 esset
890 3061 964 3126 veri
977 3060 1119 3125 eruendi

108 3175 212 3253 ratio,
236 3194 376 3252 vereor,
408 3195 451 3240 ne
483 3176 513 3240 is
540 3177 797 3260 prudentissime
817 3178 1032 3263 judicavisse
1060 3179 1118 3242 du·

109 3291 238 3357 cendus
261 3301 371 3369 esset,
402 3291 458 3376 qui
484 3292 568 3358 Livii
594 3297 826 3361 auctoritatem
849 3295 1006 3372 secutus,
1034 3295 1119 3361 certi

107 3406 185 3492 quid
207 3409 310 3472 statui
335 3427 441 3492 posse
469 3411 602 3476 omnino
624 3422 775 3497 negaret.
817 3412 974 3479 Attamen
1004 3423 1045 3476 et·
1065 3413 1117 3477 in·

106 3525 196 3590 dicia
217 3526 383 3610 quaedam
400 3526 473 3590 veri
494 3529 585 3613 apud
607 3528 792 3613 scriptores
810 3529 985 3612 reperisse
1008 3540 1044 3594 et
1064 3532 1117 3593 ra·

109 3687 315 3703 m

178 3792 229 3868 23)
267 3792 336 3852 Liv.
357 3791 385 3862 l,
405 3791 433 3852 8.

178 3885 228 3961 tt)
267 3884 326 3946 Gir.
347 3882 386 3946 0.
406 3883 518 3946 mutter
537 3881 685 3946 Etrusker
700 3876 728 3947 Ῐ.
748 3905 779 3968 p.
797 3881 866 3948 38⁰.
921 3916 924 3921 ·
