2466 4576
452 281 659 347 -13..

56 467 203 531 Romam
224 485 358 530 manum
376 453 561 530 Tuscorum
577 463 670 529 baud
682 462 837 546 exiguam
857 461 967 548 ibique
991 483 1069 529 con·

56 583 203 649 sedisse.
247 582 391 656 Quando
416 592 525 646 autern
547 580 656 646 Tusci
672 580 814 645 Romam
836 580 1008 657 venerint,
1039 581 1069 646 si

57 701 269 785 quaerimus,
297 699 478 785 Tarquinio
509 699 623 763 Prisco
648 707 813 782 regnante
839 695 963 763 iactum
991 717 1069 765 esec

58 817 173 883 multis
195 817 239 882 de
261 816 374 883 causis
396 816 497 900 longe
520 815 788 881 verisimillimum
815 816 956 881 videtur.
1001 816 1070 881 Pri-

58 955 147 1000 mum
172 937 260 1001 euim
280 953 395 1018 regem
417 935 525 1019 ipsum
548 950 591 999 ex
607 933 740 999 Etruria
758 933 933 998 oriundum
953 931 1071 1014 fuisse,

59 1051 148 1114 iuter
176 1069 295 1116 omues
330 1061 478 1129 constat,
505 1051 626 1116 deiude
659 1071 700 1115 eo
738 1060 901 1136 regnante
938 1060 1072 1114 auctum

61 1173 142 1234 esse'
166 1167 286 1233 civiurn
308 1188 479 1234 numerum
511 1188 552 1233 ec
576 1178 737 1253 apparet,
769 1168 860 1252 quod
881 1187 990 1233 novas
1015 1167 1072 1233 tri·

61 1287 125 1351 bus
146 1285 277 1349 addere
299 1286 469 1350 veteribus
490 1284 641 1350 voluisse
662 1284 812 1349 traditur.
854 1283 1000 1348 Accedit
1025 1295 1071 1348 te·

62 1404 271 1482 stimonium,
293 1405 382 1488 quod
403 1403 517 1468 ultimo
538 1401 615 1469 ioco
637 1403 745 1488 posui,
769 1421 811 1468 ex
824 1402 958 1487 antiquo
978 1400 1071 1467 fonte

61 1522 259 1606 repetitum,
281 1520 412 1586 accedit
433 1541 565 1606 quoque
585 1520 690 1585 Taciti
711 1519 909 1598 auotoritas,
932 1539 1030 1604 quem
1051 1537 1071 1585 e

61 1638 213 1724 pluribus
231 1639 407 1704 sententiis
426 1638 516 1704 banc
535 1639 677 1703 maxime
698 1638 899 1723 probavisse
920 1647 1071 1720 apparet

60 1755 136 1819 Jam
157 1755 301 1821 Romulo
322 1766 486 1840 regnante
506 1766 616 1821 autem
629 1755 911 1820 TuscosRomam
925 1754 1072 1832 venisse,

61 1892 276 1958 nequaquam
299 1893 407 1959 aeque
426 1872 606 1938 verisimile
634 1883 695 1938 est.
737 1872 822 1936 Nam
843 1872 933 1955 quod
955 1872 998 1935 ad
1022 1891 1071 1936 ra-

60 2011 134 2055 rum
157 1991 342 2075 scriptores
364 1992 495 2069 attinet,
519 1991 635 2055 Livius
665 1988 776 2054 auxilii
798 1988 984 2054 Tuscorum
1006 1987 1073 2055 Ro-

62 2111 152 2176 mulo
174 2109 233 2176 lati
256 2109 379 2174 nullam
401 2110 600 2174 urentionetu
629 2107 729 2187 facit,
759 2107 941 2192 Dionysius
962 2117 1072 2172 autern

62 2227 226 2309 sibiipsa
254 2217 436 2314 repugnat,
457 2247 556 2310 quum
578 2224 719 2289 eundern
743 2221 892 2288 Caelium
916 2234 1072 2303 montem,

63 2347 120 2411 ubi
147 2345 337 2410 Vivenuam
362 2344 567 2410 habitavisse
596 2343 690 2420 dicit,
717 2342 894 2408 Romulum
922 2344 1072 2409 tenuisse

64 2472 191 2547 postea
209 2463 346 2530 scribat.
388 2461 500 2528 Varro
524 2462 644 2526 deiude
666 2471 836 2545 procerte
856 2458 935 2526 nihii
956 2459 1073 2544 reiert,

65 2579 198 2657 dieitur,
220 2581 335 2664 inquit,
352 2578 486 2644 Caelius
508 2577 651 2644 Romulo
674 2576 798 2643 auxilio
820 2577 967 2643 venisse.
1011 2576 1074 2644 Ca·

64 2709 214 2762 terarum
237 2709 347 2762 autern
368 2697 558 2762 testimonia
574 2717 691 2780 parum
713 2696 791 2760 fidei
812 2695 947 2761 babent.
989 2696 1074 2762 Natu

62 2813 240 2880 Ciceronis
265 2815 375 2879 studia
396 2817 439 2878 ab
463 2826 622 2878 accurata
642 2834 683 2878 ac
702 2812 873 2877 laboriosa
885 2833 997 2879 rerum
1016 2833 1073 2879 au·

60 2931 322 3016 tiquissimarum
356 2931 642 3014 pervestigatione
677 2930 777 3013 longe
808 2939 938 2994 remota
968 2927 1075 2996 fuisse

60 3069 163 3113 neruo
182 3049 335 3134 negabit,
359 3047 461 3112 multo
483 3058 593 3112 autem
615 3046 776 3112 leviorem
798 3047 896 3111 etiam
917 3047 951 3110 iu
972 3048 1075 3115 rebus

63 3177 133 3230 tarn
155 3167 313 3232 obscuris
337 3165 502 3249 Propertii
528 3176 650 3248 poetae
673 3174 706 3228 et
728 3162 821 3228 Pauli
842 3164 997 3242 Diaccni,
1020 3166 1076 3251 qui

68 3281 144 3348 aliis
172 3284 256 3348 locis
295 3283 361 3347 aiia
393 3285 505 3348 trudat
546 3283 781 3347 auctoritatem
813 3302 892 3347 esse
924 3293 1076 3367 apparat.

64 3399 168 3474 Quod
189 3403 232 3464 ad
254 3421 317 3466 ecs
339 3402 480 3486 denique
503 3402 636 3478 attinet,
663 3401 718 3485 qui
746 3420 765 3464 c
788 3400 961 3466 Porsenae
982 3421 1078 3466 exer-

62 3518 153 3584 citus
191 3517 340 3603 reliquiis
372 3518 517 3582 Tuscum
550 3517 716 3583 coloniam
742 3527 850 3583 ortam
883 3537 962 3583 esse
992 3518 1077 3584 scri-

62 3636 218 3718 bonet),
245 3656 308 3719 per
333 3656 372 3700 se
398 3636 529 3720 quidem
552 3654 640 3719 quae
661 3636 706 3699 de
727 3633 867 3719 fugitiva
888 3654 987 3700 manu
1008 3633 1077 3700 Ro·

63 3796 271 3809 ι-ηο--ο-οκ..

171 3883 222 3960 1⁷)
246 3883 305 3946 cn.
328 3885 475 3956 Niebuhr,
496 3884 586 3946 Rbus.
606 3884 722 3947 Gascb.
742 3884 768 3956 Ι,
789 3905 820 3964 p.
839 3883 908 3945 clu.
