2466 4576
464 265 670 329 -39.-

69 455 174 542 fregio
196 467 358 541 separate
384 455 573 538 habebant,
600 458 721 522 deinde
742 457 888 541 insignia
910 462 1080 542 equestria

65 574 242 658 antiquitus
272 575 313 638 nd
349 594 412 639 sex
442 574 606 661 suffragia
633 587 759 641 tentum
790 575 993 659 pertinuisse
1028 581 1077 643 vi·

63 693 201 777 dentur,
234 693 377 777 denique
408 693 443 757 in
477 693 596 758 iisdem
631 693 696 757 nisi
730 692 861 777 patricii
894 712 974 757 esse
1006 716 1075 759 non

59 820 254 893 potuerunt.
308 809 393 874 Nam
420 830 521 895 quum
548 809 689 875 Servius
722 812 763 874 de
798 810 904 874 tribus
936 810 1076 895 Tarqui-

59 928 103 991 nii
130 927 291 992 centuriis
316 926 397 991 nihil
418 938 579 1007 mutaret,
608 928 672 993 nisi
701 930 791 1013 quod
823 948 843 991 e
877 928 981 994 tribus
1016 931 1074 994 du-

60 1055 282 1108 eentenorum
304 1064 368 1109 sex
386 1055 610 1109 ‘centenorum
630 1046 776 1129 equitum
798 1044 968 1110 oenmrins
983 1044 1075 1127 fecit,

59 1161 201 1226 eosdem
226 1160 378 1226 homines
405 1161 438 1224 in
463 1159 516 1226 his
550 1163 732 1242 mansisse,
758 1163 814 1246 qni
833 1173 909 1226 ante
924 1161 1077 1228 Servium

58 1280 91 1341 in
118 1279 161 1343 iis
190 1277 345 1358 fuerant,
375 1269 410 1342 et
438 1297 480 1341 ex
505 1278 623 1344 iisdem
651 1281 753 1344 curiis
779 1278 967 1374 completos
995 1300 1075 1347 esse

59 1417 139 1475 eas,
172 1417 191 1459 e
220 1397 355 1480 quibus·
373 1407 474 1460 antee
504 1396 634 1480 equites
665 1396 746 1461 lecti
775 1407 889 1474 erent,
921 1411 1075 1482 apparet.

57 1512 129 1578 Sex
154 1512 317 1598 suffragia
341 1512 440 1597 igitur
465 1513 681 1597 patriciorum
708 1514 855 1598 equitnm
876 1524 982 1577 erunt.
1014 1514 1075 1580 Er-

56 1639 112 1694 rat
143 1639 255 1693 eutem
288 1628 489 1694 Niebuhm'us
499 1619 572 1719 ⁶⁶),
601 1631 655 1712 qui
685 1651 802 1695 omnes
838 1632 1002 1715 patricios
1034 1651 1076 1696 ea

57 1745 239 1830 complexe
265 1765 344 1811 esse
368 1746 548 1810 contendit.
601 1746 721 1831 Neque
744 1748 831 1810 enirn
855 1746 963 1812 solum
978 1768 1076 1813 suam

57 1864 262 1929 sententiam
289 1864 390 1928 certis
418 1863 622 1949 argumentis
670 1866 818 1949 probare
862 1885 930 1928 non
956 1866 1074 1949 potuit,

57 1982 121 2046 sed
145 1982 263 2060 etiam,
287 2000 375 2064 quae
401 1981 569 2046 contrarie
591 1991 726 2046 exstant
751 1982 960 2060 testimonia,
982 1982 1075 2047 velut

56 2099 143 2165 Livii
163 2098 275 2164 loourn
296 2099 357 2178 ΙΙΙ,
383 2099 438 2179 24,
463 2099 519 2164 ubi
545 2098 748 2182 Tarquitius,
774 2100 936 2184 patriciae
964 2101 1074 2185 gentis

51 2219 201 2304 juvenis,
228 2226 370 2300 propter
393 2225 629 2300 paupertatem
650 2216 793 2301 pedibus
815 2218 978 2282 meruisse
995 2235 1073 2282 nor-

56 2346 167 2412 rntnr‚
206 2332 390 2398 artificiose
432 2332 709 2418 interpretatione
762 2333 889 2398 diluere
930 2343 1072 2399 coaetus

57 2461 130 2526 est3
161 2451 250 2533 quod
269 2460 395 2514 -uutem
429 2450 572 2514 omniurn
598 2469 760 2514 summum
787 2460 859 2528 est,
886 2470 955 2513 non
978 2448 1071 2530 vidit,

57 2564 235 2632 eonsilium
267 2567 359 2649 quod
388 2563 541 2630 Servium
569 2565 604 2628 in
633 2565 866 2630 describendis
901 2564 1070 2630 elassibus

57 2693 213 2749 secutum
234 2702 314 2747 esse
335 2682 410 2767 ipse
434 2682 603 2766 coneedit,
625 2692 661 2747 ut
680 2693 905 2767 postestatem
919 2694 952 2747 et
965 2703 1072 2760 armo,

59 2802 181 2886 quibus
214 2798 472 2880 defenderetur,
511 2821 575 2884 pro
604 2820 707 2884 opum
733 2801 864 2865 ratione
896 2800 1070 2878 tribueret,

58 2937 203 3003 prorsus
226 2914 397 2981 subletum
421 2914 566 2981 iirturum
590 2914 710 2994 fuisse,
736 2917 765 2980 si
786 2935 905 2980 omnes
926 2915 1070 3000 patricii,

57 3034 206 3098 herediis
224 3033 431 3118 publioique
463 3033 535 3118 egri
557 3032 836 3117 possessionibus
854 3028 947 3096 haud
973 3032 1070 3096 dubie

59 3152 258 3231 divitissinri,
285 3171 353 3214 non
378 3150 456 3234 plus
482 3170 547 3216 sex
573 3149 736 3235 suffragia
760 3149 976 3215 habuissent.
1012 3149 1070 3214 Ni-

59 3268 128 3334 hilo
157 3269 272 3333 seeius
305 3269 350 3332 ad
381 3266 470 3332 hano
497 3267 669 3332 Niebuhrii
700 3269 900 3333 sententiam
935 3266 1074 3332 revertit

59 3385 319 3469 Marquardtus,
355 3405 555 3470 quamquam
590 3405 728 3450 censum
750 3387 794 3448 ad
822 3406 883 3449 sex
907 3385 1073 3471 suffragiu

61 3573 267 3584 -n-u—n———n
297 3568 300 3573 '

162 3675 214 3750 56)
233 3675 262 3745 l,
290 3697 319 3757 p.
350 3672 417 3739 480.
462 3675 520 3737 cfr.
561 3675 652 3737 Peter
676 3675 823 3756 Epoehen
855 3676 910 3736 der
943 3674 1069 3736 vertas·

57 3767 342 3848 sungsgesehiehte
362 3770 417 3838 der
435 3775 508 3830 rim.
529 3769 661 3849 Repbik.
683 3790 711 3848 p.
734 3770 753 3827 2
774 3767 802 3828 [i.
845 3770 957 3848 Zumpt
974 3789 1004 3849 p.
1022 3767 1069 3830 81.

58 3857 227 3920 Hnsohcko
246 3879 276 3939 p.
296 3858 363 3924 352.
