2466 4576
60 483 130 548 lieri
151 482 221 548 hoc
241 485 360 568 potuit,
383 504 483 570 quum
513 495 547 549 et
575 484 689 569 populi
716 488 820 551 robur
841 497 877 552 et
898 487 1068 554 exercitus

60 601 109 666 vis
129 601 165 665 in
188 602 336 687 equitatu
358 613 462 667 esset.
486 601 584 675 Quod
607 613 717 667 autam
737 602 975 688 Marquardtus
994 626 1028 688 p.
1037 603 1069 667 2.

59 719 246 799 contendit,
268 721 431 803 patricios
452 721 585 785 omnino
601 741 669 786 uon
691 721 754 787 nisi
777 723 872 806 equis
895 724 1069 800 meruisse,

58 835 91 901 id
113 857 216 920 quom
246 836 322 920 ipse
351 837 537 902 sententiae
561 857 646 902 suae
671 835 790 923 postea
812 839 941 903 denium
970 858 1068 923 argu·

59 965 174 1020 menta
197 954 334 1033 offerat,
365 955 420 1019 ubi
445 956 488 1018 ad
511 954 619 1020 Servii
641 954 737 1020 Tullii
760 957 910 1020 instituta
933 967 1069 1021 ventum

59 1072 140 1150 erit,
172 1070 321 1136 refutare
355 1051 511 1140 stullebo.
561 1071 637 1138 Hoc
664 1072 744 1137 loco
772 1075 805 1137 id
831 1084 958 1140 tantum
997 1094 1069 1140 mo-

59 1190 160 1267 nebo,
182 1189 348 1255 Varronis
362 1190 584 1254 testimouium
606 1190 649 1255 ab
668 1211 710 1254 eo
723 1212 866 1274 prorsus
879 1192 1069 1277 neglectum

61 1324 152 1382 esee,
172 1305 229 1390 qui
250 1304 356 1383 lV,lli
375 1304 473 1370 trium
495 1304 627 1369 millium
649 1306 752 1391 inquit
773 1308 879 1390 primo
901 1308 991 1392 legio
1011 1308 1069 1373 lic·

62 1425 121 1488 bat
143 1442 186 1486 ac
204 1422 357 1507 singulae
381 1424 485 1487 tribus
508 1423 723 1503 Tatierrsium,
743 1425 935 1505 Ramnium,
958 1427 1069 1492 Luce-

61 1562 136 1607 rum
154 1540 254 1606 millia
275 1541 408 1625 singula
428 1541 564 1606 militum
584 1544 820 1629 mittebant10).
845 1581 883 1594 α

168 1659 277 1723 Numa
291 1657 472 1742 Pompilius
494 1660 538 1725 de
561 1661 704 1745 equitum
728 1663 887 1726 centuriis
900 1662 981 1726 nihil
1001 1683 1068 1727 mu·

62 1775 157 1853 tavit,
178 1773 307 1840 Tullum
320 1775 494 1839 llostilium
513 1786 622 1840 autem
644 1778 760 1841 decem
777 1780 921 1862 equitum
942 1789 1070 1844 turmas

62 1912 106 1958 ex
134 1890 277 1958 Albanis
301 1891 429 1979 legisse
455 1893 570 1958 Livius
597 1895 629 1973 1,
655 1893 930 1960 succesores.
973 1898 1069 1971 Quos

61 2010 227 2090 Albanos,
247 2012 411 2076 utstatim
429 2011 549 2088 (licam,
571 2013 660 2096 quod
683 2013 802 2092 sentio,
815 2013 969 2079 Luceres
991 2034 1070 2081 esse

63 2128 217 2193 arbitror.
264 2126 388 2192 Verum
411 2149 509 2213 quum
533 2128 620 2194 haec
641 2130 816 2195 Niebuhrii
837 2135 1070 2218 sententian),

63 2266 163 2331 quam
185 2246 261 2330 ipsa
279 2244 428 2329 pluribus
450 2245 535 2311 locis
556 2266 622 2313 nec
642 2249 765 2332 ubique
784 2249 884 2333 plane
906 2251 969 2314 sibi
992 2270 1070 2314 cou-

63 2373 160 2427 staus
189 2364 381 2454 proposuit,
417 2363 461 2427 ab
496 2363 649 2427 omnibus
686 2363 760 2427 fere
791 2365 985 2449 impugnata
1016 2367 1070 2442 sit,

63 2481 166 2566 paolo
189 2458 325 2545 uberius
347 2480 390 2544 dc
411 2479 477 2544 hoc
498 2479 586 2557 loco,
609 2482 651 2544 de
669 2481 1070 2566 origiueLuceoumdico,

63 2619 131 2684 quo
155 2599 364 2664 vexatiorem
387 2609 420 2663 et
445 2599 673 2664 obscuriorem
700 2599 826 2664 nullum
853 2619 931 2666 esse
956 2601 1070 2679 video,

65 2715 303 2800 disputandum
325 2735 404 2780 esse
434 2714 573 2778 videtur.
616 2715 659 2778 Et
684 2717 825 2798 primum
855 2717 986 2801 quidem
1013 2736 1071 2781 ve·

64 2843 173 2897 torum
198 2831 397 2915 scriptorum
419 2831 608 2896 testimonia
630 2831 867 2914 perlustranda
890 2846 923 2896 et
945 2834 1072 2916 ponde-

65 2946 174 3011 randa
194 2958 282 3011 suut.
327 2946 468 3010 Variant
488 2957 598 3010 autem
614 2948 729 3009 mirum
752 2948 786 3010 iu
809 2947 940 3011 modum
961 2968 1072 3033 nequo

65 3065 183 3148 pauci,
212 3067 266 3150 qui
293 3064 336 3129 ‹le
358 3064 423 3128 huc
447 3085 485 3128 re
508 3064 633 3149 aliquid
653 3065 833 3129 memoriae
855 3066 1072 3148 tradiderunt,

64 3182 183 3267 plures
202 3183 389 3248 sententias
411 3195 674 3266 proposuerunt,
694 3197 731 3247 ut
751 3204 794 3247 ne
819 3185 915 3268 ipsos
937 3186 1071 3270 quidem

67 3300 152 3364 eatis
178 3298 263 3364 certi
284 3300 362 3384 quid
382 3310 587 3382 compertum
608 3297 769 3363 habuisse
789 3292 965 3383 appareat.

77 3459 95 3471 -
174 3417 357 3492 Plurimi¹²i
376 3417 544 3482 Lucerum
565 3436 687 3483 nomen
710 3426 745 3480 et
766 3419 926 3502 originem
950 3421 1074 3484 ducunt

69 3564 274 3579 man—n*

174 3619 224 3696 10)
247 3620 305 3680 Clr.
329 3620 447 3679 Walter
467 3617 634 3678 Riimische
655 3618 881 3696 Rechtsgesclr.
903 3641 932 3701 p.
955 3619 1003 3681 20.

173 3712 222 3787 ll)
240 3712 330 3772 Ram.
356 3711 470 3771 Gesoh.
491 3710 515 3780 l,
537 3731 569 3790 p.
591 3709 661 3769 399.
679 3709 745 3771 334.
763 3711 829 3774 338.
851 3711 916 3772 388.
939 3704 1007 3770 lul.

174 3804 223 3880 ll)
243 3805 305 3865 cic.
325 3804 354 3865 d.
374 3805 490 3882 republ.
511 3802 549 3873 ll,
569 3804 597 3864 8.
621 3803 718 3862 Varro
737 3803 768 3862 d.
793 3804 812 3863 l.
833 3805 852 3863 l.
875 3802 968 3875 1V,9.
988 3802 1072 3866 Paul.

68 3896 157 3959 Diae.
176 3895 355 3958 Lueomcdi.
381 3896 486 3956 Aurei.
513 3896 626 3956 Victor.
647 3895 666 3954 d
697 3897 769 3958 virio
788 3896 899 3956 illustr.
921 3895 950 3955 2.
