2466 4576
523 304 710 369 -5„.

115 486 236 553 studiis
259 487 413 553 relictum
445 497 555 567 esset,
582 489 618 553 ia
643 506 845 574 unaquaque
865 506 905 552 re
927 487 1085 556 eluceret
1095 485 1126 572 Ἰ

116 603 155 669 in
173 625 217 669 eo
239 615 350 671 autem
369 606 501 690 capite,
531 626 599 690 qno
622 606 663 671 de
686 605 851 690 equitibus
871 604 1035 672 Romanis
1059 605 1125 670 dia·

116 721 238 798 caruit,
258 731 397 787 secutus
421 733 475 788 est
494 722 637 787 maximo
661 721 847 805 tempotum,
870 731 905 786 et
924 721 1126 806 Marqaard·

115 839 238 922 tum⁴);
264 851 403 924 quorum
425 840 567 906 brevius
587 839 690 918 aiter,
713 839 801 905 alter
822 838 976 920 uberius,
996 856 1126 903 summa

115 974 190 1020 cum
220 955 372 1021 doctrina
410 976 589 1042 rerumque
623 956 834 1041 antiquarum
866 956 989 1040 peritia
1023 964 1124 1039 atque

110 1068 239 1153 judicio
262 1080 296 1136 at
316 1071 450 1156 integro
479 1083 513 1141 et
534 1072 647 1137 subtili
668 1087 830 1156 uterque,
856 1070 923 1136 hoc
950 1089 1125 1154 argumen-¹

41 1171 44 1174 Α
114 1197 183 1254 tum
222 1188 390 1256 tractavit.
445 1187 629 1255 Amborum
662 1199 773 1253 autem
810 1186 928 1253 horum
952 1187 1125 1265 ¹librorum

115 1304 332 1372 considerate
357 1316 391 1370 et
416 1315 516 1371 acute
540 1323 720 1371 censuram
748 1304 817 1388 egit
845 1305 990 1371 Peterus
1016 1313 1052 1367 et
1079 1302 1126 1367 ita

115 1421 265 1505 quidem,
293 1431 341 1487 nt.
357 1431 390 1487 et
415 1421 502 1486 inter
532 1441 572 1486 se
591 1420 723 1487 iliorum
742 1422 929 1491 sententias
949 1437 1124 1502 comparo-

114 1548 168 1600 ret
197 1547 247 1620 et,
280 1557 367 1622 quae
401 1539 443 1602 ab
480 1536 641 1603 atterutro
673 1556 792 1622 param
825 1549 920 1602 racto
953 1538 1124 1620 disputata

116 1673 195 1717 esse
224 1654 438 1733 viderentur,
470 1654 609 1720 uberius
638 1664 858 1732 retractaret,
888 1665 921 1719 et
948 1654 1124 1736 corrigere

115 1770 278 1835 studeret.
331 1771 481 1844 Quorum
518 1772 665 1837 virorum
694 1770 1029 1838 commentationibus
1065 1770 1124 1834 ad·

117 1885 199 1954 dere
218 1887 384 1970 quaedam
408 1888 578 1964 constitui,
605 1907 673 1954 non
692 1862 763 1973 *qno
783 1887 913 1952 iliorum
936 1888 1124 1955 doctrinam

115 2000 275 2067 aemulari
298 2022 352 2068 me
377 2024 481 2088 posse
507 2003 730 2086 confiderem,
753 2005 818 2069 sed
843 2005 935 2088 quod
963 2013 997 2069 et
1022 2022 1125 2087 supa·

114 2119 205 2183 riorn
232 2129 386 2203 tempora
414 2120 555 2186 consitio
584 2121 717 2190 brevius
744 2121 897 2204 attigisse
919 2132 953 2186 et
974 2123 1017 2187 de
1038 2142 1124 2186 non·

114 2233 213 2299 mdis
231 2236 352 2312 rebus,
378 2252 467 2318 quoe
496 2235 586 2303 haud
616 2235 730 2319 exigui
753 2236 908 2302 momenti
928 2254 1006 2303 ease
1025 2236 1125 2301 vide-

114 2360 247 2429 rentur,
273 2370 372 2439 quam
400 2352 543 2416 maxime
568 2351 767 2434 discrepare
796 2372 857 2421 eoa
879 2351 1052 2428 videbam,
1080 2352 1126 2416 de

113 2468 308 2553 quibusdam
334 2479 444 2534 autem
471 2488 584 2537 eorum
614 2468 1016 2537 neminiaasentiendum
1039 2488 1123 2538 esse

113 2584 281 2666 putabam.
323 2582 420 2648 Haec
445 2584 546 2668 igitur
574 2583 711 2652 uberius
738 2602 925 2666 exponam,
957 2583 1000 2647 de
1028 2594 1122 2651 cete-

114 2701 161 2766 ris
184 2699 262 2767 illos
290 2712 429 2767 secutae
458 2702 593 2767 brevius
625 2701 735 2767 etita
762 2709 888 2767 tontum
922 2700 1122 2783 disputabo,

111 2819 241 2902 quoad,
276 2829 314 2884 nt
344 2817 401 2883 illa
437 2828 532 2883 recte
568 2817 719 2902 parapioi
758 2817 908 2903 possint,
937 2837 1025 2899 opua
1047 2819 1121 2883 crit.

112 2933 211 3001 Uitra
243 2935 450 3020 reipublicae
477 2935 607 3001 liberae
634 2934 807 3001 interitum
837 2944 950 2999 antem
970 2934 1123 3017 disputa·

111 3057 238 3120 ΙΙουοω
261 3074 328 3118 nan
361 3055 568 3138 producam,
594 3072 646 3116 ne·
660 3050 759 3135 plura
779 3051 934 3117 conando
956 3053 1121 3136 majorem

110 3170 238 3235 uiribus
260 3169 381 3234 molem
398 3170 590 3250 suscipiam.
706 3218 710 3229 ,

109 3380 318 3390 -0-——0-

119 3572 122 3577 .
212 3517 246 3592 3)
286 3517 377 3579 Ct'rss
370 3519 469 3598 ipsius
489 3517 585 3597 praei.
608 3517 626 3577 Ι.
653 3517 673 3575 Ι.
808 3578 811 3583 ,
854 3566 856 3571 .
895 3566 905 3575 .

210 3608 460 3689 4)]4υτιῃιαῐ44
481 3607 637 3677 Historiae
665 3607 809 3684 equitum
821 3604 1026 3669 Romanorum
1047 3605 1117 3669 libri

107 3674 161 3779 ΙΙΙ
179 3699 317 3773 Beroiip.
322 3697 423 3777 1844]
470 3701 592 3779 Zuurpt.
615 3697 727 3767 Uober
740 3695 801 3775 dia
809 3695 991 3777 rdmiacben
1002 3695 1108 3776 Rittar

108 3774 178 3871 und
193 3789 253 3863 dep
280 3789 506 3939 liitterstapd
499 3810 538 3853 (ιι
555 3788 645 3870 Rom
683 3785 837 3859 Abbaudi,
858 3786 895 3847 d
901 3783 994 3919 Bari
1017 3788 1117 3848 Acad.
