<?xml version="1.0" encoding="UTF-8"?>
<!DOCTYPE html PUBLIC "-//W3C//DTD XHTML 1.0 Transitional//EN"
    "http://www.w3.org/TR/xhtml1/DTD/xhtml1-transitional.dtd">
<html xmlns="http://www.w3.org/1999/xhtml" xml:lang="en" lang="en">
 <head>
  <title>
</title>
<meta http-equiv="Content-Type" content="text/html;charset=utf-8" />
  <meta name='ocr-system' content='tesseract 3.04.00' />
  <meta name='ocr-capabilities' content='ocr_page ocr_carea ocr_par ocr_line ocrx_word'/>
</head>
<body>
  <div class='ocr_page' id='page_1' title='image "./deequitibusroma00niemgoog_0028.png"; bbox 0 0 2466 4576; ppageno 0'>
   <div class='ocr_carea' id='block_1_1' title="bbox 459 286 669 375">
    <p class='ocr_par' dir='ltr' id='par_1_1' title="bbox 459 286 669 375">
     <span class='ocr_line' id='line_1_1' title="bbox 459 286 669 375; baseline -0.024 -16"><span class='ocrx_word' id='word_1_1' title='bbox 459 286 669 375; x_wconf 49' lang='lat' dir='ltr'><strong>§lii-</strong></span> 
     </span>
    </p>
   </div>
   <div class='ocr_carea' id='block_1_2' title="bbox 55 475 1074 3267">
    <p class='ocr_par' dir='ltr' id='par_1_2' title="bbox 55 475 1074 3267">
     <span class='ocr_line' id='line_1_2' title="bbox 57 475 1072 563; baseline 0.004 -23"><span class='ocrx_word' id='word_1_2' title='bbox 57 477 255 543; x_wconf 80' lang='lat' dir='ltr'><strong>tiauiaaadu</strong></span> <span class='ocrx_word' id='word_1_3' title='bbox 283 476 380 560; x_wconf 83' lang='lat' dir='ltr'><strong>piura</strong></span> <span class='ocrx_word' id='word_1_4' title='bbox 402 478 568 563; x_wconf 73' lang='lat' dir='ltr'><strong>consequi</strong></span> <span class='ocrx_word' id='word_1_5' title='bbox 587 496 693 561; x_wconf 85' lang='lat' dir='ltr'><strong>posse</strong></span> <span class='ocrx_word' id='word_1_6' title='bbox 720 475 882 541; x_wconf 82' lang='lat' dir='ltr'><strong>videmur.</strong></span> <span class='ocrx_word' id='word_1_7' title='bbox 927 478 1072 546; x_wconf 77' lang='lat' dir='ltr'><strong>Primum</strong></span> 
     </span>
     <span class='ocr_line' id='line_1_3' title="bbox 58 585 1074 680; baseline 0.004 -20"><span class='ocrx_word' id='word_1_8' title='bbox 58 586 168 676; x_wconf 83' lang='lat' dir='ltr'><strong>euim,</strong></span> <span class='ocrx_word' id='word_1_9' title='bbox 187 595 377 680; x_wconf 82' lang='lat' dir='ltr'><strong>ubiauuqua</strong></span> <span class='ocrx_word' id='word_1_10' title='bbox 399 594 495 660; x_wconf 88' lang='lat' dir='ltr'><strong>trium</strong></span> <span class='ocrx_word' id='word_1_11' title='bbox 522 595 666 660; x_wconf 83' lang='lat' dir='ltr'><strong>tribuam</strong></span> <span class='ocrx_word' id='word_1_12' title='bbox 691 585 728 660; x_wconf 76' lang='lat' dir='ltr'><strong>a</strong></span> <span class='ocrx_word' id='word_1_13' title='bbox 753 594 894 675; x_wconf 86' lang='lat' dir='ltr'><strong>mentia,</strong></span> <span class='ocrx_word' id='word_1_14' title='bbox 918 596 1074 664; x_wconf 77' lang='lat' dir='ltr'><strong>Luceres</strong></span> 
     </span>
     <span class='ocr_line' id='line_1_4' title="bbox 57 711 1071 797; baseline 0.003 -18"><span class='ocrx_word' id='word_1_15' title='bbox 57 712 161 779; x_wconf 79' lang='lat' dir='ltr'><strong>turtio</strong></span> <span class='ocrx_word' id='word_1_16' title='bbox 190 711 268 778; x_wconf 89' lang='lat' dir='ltr'><strong>iaua</strong></span> <span class='ocrx_word' id='word_1_17' title='bbox 294 711 527 797; x_wconf 74' lang='lat' dir='ltr'><strong>pauuutur¹⁶).</strong></span> <span class='ocrx_word' id='word_1_18' title='bbox 578 711 684 777; x_wconf 78' lang='lat' dir='ltr'><strong>Simili</strong></span> <span class='ocrx_word' id='word_1_19' title='bbox 710 711 811 777; x_wconf 85' lang='lat' dir='ltr'><strong>moda</strong></span> <span class='ocrx_word' id='word_1_20' title='bbox 841 712 930 778; x_wconf 81' lang='lat' dir='ltr'><strong>iuter</strong></span> <span class='ocrx_word' id='word_1_21' title='bbox 953 716 1071 782; x_wconf 83' lang='lat' dir='ltr'><strong>amnas</strong></span> 
     </span>
     <span class='ocr_line' id='line_1_5' title="bbox 57 827 1071 916; baseline 0 -18"><span class='ocrx_word' id='word_1_22' title='bbox 57 830 247 916; x_wconf 70' lang='lat' dir='ltr'><strong>scriptores</strong></span> <span class='ocrx_word' id='word_1_23' title='bbox 268 839 418 908; x_wconf 73' lang='lat' dir='ltr'><strong>canstat,</strong></span> <span class='ocrx_word' id='word_1_24' title='bbox 448 830 492 896; x_wconf 88' lang='lat' dir='ltr'><strong>ad</strong></span> <span class='ocrx_word' id='word_1_25' title='bbox 520 848 583 896; x_wconf 83' lang='lat' dir='ltr'><strong>aas</strong></span> <span class='ocrx_word' id='word_1_26' title='bbox 613 827 734 909; x_wconf 85' lang='lat' dir='ltr'><strong>aoiias,</strong></span> <span class='ocrx_word' id='word_1_27' title='bbox 761 847 847 916; x_wconf 83' lang='lat' dir='ltr'><strong>qaas</strong></span> <span class='ocrx_word' id='word_1_28' title='bbox 868 829 1012 897; x_wconf 81' lang='lat' dir='ltr'><strong>Romani</strong></span> <span class='ocrx_word' id='word_1_29' title='bbox 1035 840 1071 898; x_wconf 83' lang='lat' dir='ltr'><strong>at</strong></span> 
     </span>
     <span class='ocr_line' id='line_1_6' title="bbox 57 947 1069 1031; baseline -0.001 -16"><span class='ocrx_word' id='word_1_30' title='bbox 57 947 178 1015; x_wconf 80' lang='lat' dir='ltr'><strong>Sabini</strong></span> <span class='ocrx_word' id='word_1_31' title='bbox 198 956 368 1026; x_wconf 84' lang='lat' dir='ltr'><strong>tanaraut,</strong></span> <span class='ocrx_word' id='word_1_32' title='bbox 389 947 530 1031; x_wconf 83' lang='lat' dir='ltr'><strong>primum</strong></span> <span class='ocrx_word' id='word_1_33' title='bbox 549 947 699 1013; x_wconf 86' lang='lat' dir='ltr'><strong>additum</strong></span> <span class='ocrx_word' id='word_1_34' title='bbox 720 965 800 1014; x_wconf 80' lang='lat' dir='ltr'><strong>assa</strong></span> <span class='ocrx_word' id='word_1_35' title='bbox 814 956 961 1014; x_wconf 81' lang='lat' dir='ltr'><strong>manteau</strong></span> <span class='ocrx_word' id='word_1_36' title='bbox 982 947 1069 1014; x_wconf 71' lang='lat' dir='ltr'><strong>Oua·</strong></span> 
     </span>
     <span class='ocr_line' id='line_1_7' title="bbox 58 1065 1068 1150; baseline 0 -18"><span class='ocrx_word' id='word_1_37' title='bbox 58 1065 148 1132; x_wconf 77' lang='lat' dir='ltr'><strong>iim</strong></span> <span class='ocrx_word' id='word_1_38' title='bbox 200 1065 299 1140; x_wconf 78' lang='lat' dir='ltr'><strong>Quae</strong></span> <span class='ocrx_word' id='word_1_39' title='bbox 327 1065 357 1130; x_wconf 82' lang='lat' dir='ltr'><strong>si</strong></span> <span class='ocrx_word' id='word_1_40' title='bbox 378 1075 553 1144; x_wconf 79' lang='lat' dir='ltr'><strong>teramus,</strong></span> <span class='ocrx_word' id='word_1_41' title='bbox 578 1065 657 1150; x_wconf 86' lang='lat' dir='ltr'><strong>quin</strong></span> <span class='ocrx_word' id='word_1_42' title='bbox 678 1065 830 1132; x_wconf 84' lang='lat' dir='ltr'><strong>Luaaras</strong></span> <span class='ocrx_word' id='word_1_43' title='bbox 857 1080 893 1131; x_wconf 83' lang='lat' dir='ltr'><strong>at</strong></span> <span class='ocrx_word' id='word_1_44' title='bbox 918 1066 1006 1133; x_wconf 80' lang='lat' dir='ltr'><strong>tertii</strong></span> <span class='ocrx_word' id='word_1_45' title='bbox 1034 1068 1068 1132; x_wconf 89' lang='lat' dir='ltr'><strong>in</strong></span> 
     </span>
     <span class='ocr_line' id='line_1_8' title="bbox 59 1179 1070 1268; baseline 0.001 -18"><span class='ocrx_word' id='word_1_46' title='bbox 59 1179 228 1250; x_wconf 78' lang='lat' dir='ltr'><strong>uiuitatsm</strong></span> <span class='ocrx_word' id='word_1_47' title='bbox 247 1183 380 1268; x_wconf 77' lang='lat' dir='ltr'><strong>recepti</strong></span> <span class='ocrx_word' id='word_1_48' title='bbox 404 1182 472 1248; x_wconf 87' lang='lat' dir='ltr'><strong>siut</strong></span> <span class='ocrx_word' id='word_1_49' title='bbox 501 1182 719 1268; x_wconf 78' lang='lat' dir='ltr'><strong>proximaque</strong></span> <span class='ocrx_word' id='word_1_50' title='bbox 745 1182 931 1250; x_wconf 72' lang='lat' dir='ltr'><strong>Batonibus</strong></span> <span class='ocrx_word' id='word_1_51' title='bbox 957 1196 992 1251; x_wconf 84' lang='lat' dir='ltr'><strong>at</strong></span> <span class='ocrx_word' id='word_1_52' title='bbox 1016 1185 1070 1251; x_wconf 64' lang='lat' dir='ltr'><strong>Ti⁴</strong></span> 
     </span>
     <span class='ocr_line' id='line_1_9' title="bbox 58 1294 1069 1384; baseline 0.001 -18"><span class='ocrx_word' id='word_1_53' title='bbox 58 1296 224 1366; x_wconf 82' lang='lat' dir='ltr'><strong>tiaasibus</strong></span> <span class='ocrx_word' id='word_1_54' title='bbox 244 1297 404 1384; x_wconf 78' lang='lat' dir='ltr'><strong>adJuaati,</strong></span> <span class='ocrx_word' id='word_1_55' title='bbox 426 1297 505 1363; x_wconf 83' lang='lat' dir='ltr'><strong>etin</strong></span> <span class='ocrx_word' id='word_1_56' title='bbox 520 1295 636 1363; x_wconf 74' lang='lat' dir='ltr'><strong>Caelia</strong></span> <span class='ocrx_word' id='word_1_57' title='bbox 658 1294 893 1380; x_wconf 73' lang='lat' dir='ltr'><strong>habitaverint,</strong></span> <span class='ocrx_word' id='word_1_58' title='bbox 910 1316 955 1366; x_wconf 83' lang='lat' dir='ltr'><strong>na</strong></span> <span class='ocrx_word' id='word_1_59' title='bbox 977 1302 1069 1368; x_wconf 88' lang='lat' dir='ltr'><strong>dubi-</strong></span> 
     </span>
     <span class='ocr_line' id='line_1_10' title="bbox 58 1415 1071 1504; baseline 0.006 -22"><span class='ocrx_word' id='word_1_60' title='bbox 58 1416 123 1482; x_wconf 84' lang='lat' dir='ltr'><strong>tari</strong></span> <span class='ocrx_word' id='word_1_61' title='bbox 151 1416 286 1504; x_wconf 83' lang='lat' dir='ltr'><strong>quidam</strong></span> <span class='ocrx_word' id='word_1_62' title='bbox 312 1434 419 1501; x_wconf 78' lang='lat' dir='ltr'><strong>passa</strong></span> <span class='ocrx_word' id='word_1_63' title='bbox 447 1415 587 1482; x_wconf 72' lang='lat' dir='ltr'><strong>videtur.</strong></span> <span class='ocrx_word' id='word_1_64' title='bbox 636 1415 702 1491; x_wconf 86' lang='lat' dir='ltr'><strong>Qui</strong></span> <span class='ocrx_word' id='word_1_65' title='bbox 725 1426 836 1484; x_wconf 85' lang='lat' dir='ltr'><strong>autam</strong></span> <span class='ocrx_word' id='word_1_66' title='bbox 867 1438 931 1504; x_wconf 82' lang='lat' dir='ltr'><strong>pra</strong></span> <span class='ocrx_word' id='word_1_67' title='bbox 954 1421 1071 1488; x_wconf 82' lang='lat' dir='ltr'><strong>-tartia</strong></span> 
     </span>
     <span class='ocr_line' id='line_1_11' title="bbox 57 1511 1070 1621; baseline 0.004 -23"><span class='ocrx_word' id='word_1_68' title='bbox 57 1542 158 1618; x_wconf 81' lang='lat' dir='ltr'><strong>parta</strong></span> <span class='ocrx_word' id='word_1_69' title='bbox 187 1531 318 1599; x_wconf 86' lang='lat' dir='ltr'><strong>duabus</strong></span> <span class='ocrx_word' id='word_1_70' title='bbox 342 1511 478 1618; x_wconf 77' lang='lat' dir='ltr'><strong>¹papulis</strong></span> <span class='ocrx_word' id='word_1_71' title='bbox 505 1532 677 1599; x_wconf 75' lang='lat' dir='ltr'><strong>bellisasis</strong></span> <span class='ocrx_word' id='word_1_72' title='bbox 705 1534 854 1621; x_wconf 84' lang='lat' dir='ltr'><strong>adjuuoti</strong></span> <span class='ocrx_word' id='word_1_73' title='bbox 879 1546 976 1615; x_wconf 80' lang='lat' dir='ltr'><strong>aaut,</strong></span> <span class='ocrx_word' id='word_1_74' title='bbox 1007 1554 1070 1602; x_wconf 82' lang='lat' dir='ltr'><strong>aas</strong></span> 
     </span>
     <span class='ocr_line' id='line_1_12' title="bbox 59 1646 1070 1736; baseline 0.005 -19"><span class='ocrx_word' id='word_1_75' title='bbox 59 1663 94 1718; x_wconf 80' lang='lat' dir='ltr'><strong>at</strong></span> <span class='ocrx_word' id='word_1_76' title='bbox 113 1646 210 1736; x_wconf 73' lang='lat' dir='ltr'><strong>ipsos</strong></span> <span class='ocrx_word' id='word_1_77' title='bbox 232 1650 391 1736; x_wconf 77' lang='lat' dir='ltr'><strong>poprium</strong></span> <span class='ocrx_word' id='word_1_78' title='bbox 412 1652 497 1717; x_wconf 84' lang='lat' dir='ltr'><strong>satia</strong></span> <span class='ocrx_word' id='word_1_79' title='bbox 510 1650 657 1717; x_wconf 77' lang='lat' dir='ltr'><strong>validum</strong></span> <span class='ocrx_word' id='word_1_80' title='bbox 677 1650 786 1718; x_wconf 83' lang='lat' dir='ltr'><strong>fuisse</strong></span> <span class='ocrx_word' id='word_1_81' title='bbox 806 1650 986 1720; x_wconf 66' lang='lat' dir='ltr'><strong>verisimis</strong></span> <span class='ocrx_word' id='word_1_82' title='bbox 1007 1666 1070 1724; x_wconf 70' lang='lat' dir='ltr'><strong>est,</strong></span> 
     </span>
     <span class='ocr_line' id='line_1_13' title="bbox 59 1768 1069 1857; baseline 0.003 -22"><span class='ocrx_word' id='word_1_83' title='bbox 59 1769 159 1845; x_wconf 86' lang='lat' dir='ltr'><strong>Quaa</strong></span> <span class='ocrx_word' id='word_1_84' title='bbox 179 1770 293 1836; x_wconf 79' lang='lat' dir='ltr'><strong>amaia</strong></span> <span class='ocrx_word' id='word_1_85' title='bbox 319 1769 458 1857; x_wconf 73' lang='lat' dir='ltr'><strong>egregia</strong></span> <span class='ocrx_word' id='word_1_86' title='bbox 485 1770 653 1855; x_wconf 79' lang='lat' dir='ltr'><strong>quadrant</strong></span> <span class='ocrx_word' id='word_1_87' title='bbox 677 1768 722 1834; x_wconf 84' lang='lat' dir='ltr'><strong>iu</strong></span> <span class='ocrx_word' id='word_1_88' title='bbox 738 1768 903 1838; x_wconf 82' lang='lat' dir='ltr'><strong>Albanas.</strong></span> <span class='ocrx_word' id='word_1_89' title='bbox 946 1769 1069 1845; x_wconf 85' lang='lat' dir='ltr'><strong>Quam·</strong></span> 
     </span>
     <span class='ocr_line' id='line_1_14' title="bbox 58 1885 1068 1972; baseline 0.004 -21"><span class='ocrx_word' id='word_1_90' title='bbox 58 1904 160 1972; x_wconf 84' lang='lat' dir='ltr'><strong>quam</strong></span> <span class='ocrx_word' id='word_1_91' title='bbox 181 1887 268 1952; x_wconf 82' lang='lat' dir='ltr'><strong>euim</strong></span> <span class='ocrx_word' id='word_1_92' title='bbox 288 1887 406 1953; x_wconf 85' lang='lat' dir='ltr'><strong>Livius</strong></span> <span class='ocrx_word' id='word_1_93' title='bbox 424 1897 458 1952; x_wconf 82' lang='lat' dir='ltr'><strong>at</strong></span> <span class='ocrx_word' id='word_1_94' title='bbox 475 1885 708 1972; x_wconf 72' lang='lat' dir='ltr'><strong>Dionysias²⁶t</strong></span> <span class='ocrx_word' id='word_1_95' title='bbox 729 1888 847 1953; x_wconf 81' lang='lat' dir='ltr'><strong>urbam</strong></span> <span class='ocrx_word' id='word_1_96' title='bbox 860 1886 1068 1955; x_wconf 81' lang='lat' dir='ltr'><strong>Albanarum</strong></span> 
     </span>
     <span class='ocr_line' id='line_1_15' title="bbox 58 2000 1069 2092; baseline -0.001 -19"><span class='ocrx_word' id='word_1_97' title='bbox 58 2002 259 2073; x_wconf 70' lang='lat' dir='ltr'><strong>exstinetam</strong></span> <span class='ocrx_word' id='word_1_98' title='bbox 282 2022 362 2070; x_wconf 80' lang='lat' dir='ltr'><strong>assa</strong></span> <span class='ocrx_word' id='word_1_99' title='bbox 383 2005 539 2082; x_wconf 84' lang='lat' dir='ltr'><strong>traduat,</strong></span> <span class='ocrx_word' id='word_1_100' title='bbox 564 2000 674 2068; x_wconf 77' lang='lat' dir='ltr'><strong>tamen</strong></span> <span class='ocrx_word' id='word_1_101' title='bbox 694 2015 852 2091; x_wconf 79' lang='lat' dir='ltr'><strong>uterque,</strong></span> <span class='ocrx_word' id='word_1_102' title='bbox 873 2026 957 2086; x_wconf 88' lang='lat' dir='ltr'><strong>nau,</strong></span> <span class='ocrx_word' id='word_1_103' title='bbox 979 2006 1069 2092; x_wconf 84' lang='lat' dir='ltr'><strong>quod</strong></span> 
     </span>
     <span class='ocr_line' id='line_1_16' title="bbox 57 2119 1070 2208; baseline 0.001 -20"><span class='ocrx_word' id='word_1_104' title='bbox 57 2124 127 2208; x_wconf 80' lang='lat' dir='ltr'><strong>pati</strong></span> <span class='ocrx_word' id='word_1_105' title='bbox 147 2123 260 2189; x_wconf 75' lang='lat' dir='ltr'><strong>viatus</strong></span> <span class='ocrx_word' id='word_1_106' title='bbox 281 2120 417 2199; x_wconf 78' lang='lat' dir='ltr'><strong>bustes,</strong></span> <span class='ocrx_word' id='word_1_107' title='bbox 444 2121 513 2206; x_wconf 82' lang='lat' dir='ltr'><strong>pati</strong></span> <span class='ocrx_word' id='word_1_108' title='bbox 537 2121 646 2205; x_wconf 76' lang='lat' dir='ltr'><strong>magis</strong></span> <span class='ocrx_word' id='word_1_109' title='bbox 664 2122 763 2188; x_wconf 82' lang='lat' dir='ltr'><strong>etiam</strong></span> <span class='ocrx_word' id='word_1_110' title='bbox 785 2119 935 2206; x_wconf 78' lang='lat' dir='ltr'><strong>perfidas</strong></span> <span class='ocrx_word' id='word_1_111' title='bbox 955 2123 1070 2189; x_wconf 85' lang='lat' dir='ltr'><strong>soaias</strong></span> 
     </span>
     <span class='ocr_line' id='line_1_17' title="bbox 58 2236 1070 2328; baseline -0.001 -20"><span class='ocrx_word' id='word_1_112' title='bbox 58 2251 221 2328; x_wconf 74' lang='lat' dir='ltr'><strong>pararat,</strong></span> <span class='ocrx_word' id='word_1_113' title='bbox 242 2251 280 2306; x_wconf 88' lang='lat' dir='ltr'><strong>ut</strong></span> <span class='ocrx_word' id='word_1_114' title='bbox 300 2236 365 2306; x_wconf 75' lang='lat' dir='ltr'><strong>sub</strong></span> <span class='ocrx_word' id='word_1_115' title='bbox 384 2258 514 2305; x_wconf 87' lang='lat' dir='ltr'><strong>aurona</strong></span> <span class='ocrx_word' id='word_1_116' title='bbox 525 2239 812 2306; x_wconf 78' lang='lat' dir='ltr'><strong>venumdarautur</strong></span> <span class='ocrx_word' id='word_1_117' title='bbox 831 2240 888 2327; x_wconf 85' lang='lat' dir='ltr'><strong>qui</strong></span> <span class='ocrx_word' id='word_1_118' title='bbox 899 2240 1070 2307; x_wconf 65' lang='lat' dir='ltr'><strong>aaudisu⁴</strong></span> 
     </span>
     <span class='ocr_line' id='line_1_18' title="bbox 59 2350 1069 2447; baseline -0.002 -19"><span class='ocrx_word' id='word_1_119' title='bbox 59 2350 434 2447; x_wconf 68' lang='lat' dir='ltr'><strong>parasaaut3·dibanos</strong></span> <span class='ocrx_word' id='word_1_120' title='bbox 459 2377 582 2442; x_wconf 80' lang='lat' dir='ltr'><strong>passas</strong></span> <span class='ocrx_word' id='word_1_121' title='bbox 607 2378 687 2424; x_wconf 85' lang='lat' dir='ltr'><strong>essa</strong></span> <span class='ocrx_word' id='word_1_122' title='bbox 708 2359 828 2437; x_wconf 78' lang='lat' dir='ltr'><strong>tradit,</strong></span> <span class='ocrx_word' id='word_1_123' title='bbox 849 2359 965 2426; x_wconf 86' lang='lat' dir='ltr'><strong>sedin</strong></span> <span class='ocrx_word' id='word_1_124' title='bbox 988 2360 1069 2426; x_wconf 81' lang='lat' dir='ltr'><strong>civi·</strong></span> 
     </span>
     <span class='ocr_line' id='line_1_19' title="bbox 57 2470 1069 2561; baseline -0.001 -17"><span class='ocrx_word' id='word_1_125' title='bbox 57 2470 136 2545; x_wconf 81' lang='lat' dir='ltr'><strong>tatis</strong></span> <span class='ocrx_word' id='word_1_126' title='bbox 157 2477 357 2544; x_wconf 81' lang='lat' dir='ltr'><strong>soaistatum</strong></span> <span class='ocrx_word' id='word_1_127' title='bbox 377 2487 554 2560; x_wconf 73' lang='lat' dir='ltr'><strong>receptas,</strong></span> <span class='ocrx_word' id='word_1_128' title='bbox 574 2477 609 2541; x_wconf 84' lang='lat' dir='ltr'><strong>iu</strong></span> <span class='ocrx_word' id='word_1_129' title='bbox 628 2477 737 2542; x_wconf 86' lang='lat' dir='ltr'><strong>tribus</strong></span> <span class='ocrx_word' id='word_1_130' title='bbox 759 2479 938 2561; x_wconf 83' lang='lat' dir='ltr'><strong>uariasque</strong></span> <span class='ocrx_word' id='word_1_131' title='bbox 959 2477 1069 2543; x_wconf 83' lang='lat' dir='ltr'><strong>adsui·</strong></span> 
     </span>
     <span class='ocr_line' id='line_1_20' title="bbox 56 2589 1069 2679; baseline -0.003 -17"><span class='ocrx_word' id='word_1_132' title='bbox 56 2609 112 2664; x_wconf 86' lang='lat' dir='ltr'><strong>tas</strong></span> <span class='ocrx_word' id='word_1_133' title='bbox 134 2589 198 2662; x_wconf 70' lang='lat' dir='ltr'><strong>aas</strong></span> <span class='ocrx_word' id='word_1_134' title='bbox 219 2611 310 2674; x_wconf 82' lang='lat' dir='ltr'><strong>assa,</strong></span> <span class='ocrx_word' id='word_1_135' title='bbox 331 2592 450 2659; x_wconf 77' lang='lat' dir='ltr'><strong>uirium</strong></span> <span class='ocrx_word' id='word_1_136' title='bbox 466 2610 639 2660; x_wconf 77' lang='lat' dir='ltr'><strong>numerum</strong></span> <span class='ocrx_word' id='word_1_137' title='bbox 656 2593 871 2679; x_wconf 82' lang='lat' dir='ltr'><strong>duplicatum,</strong></span> <span class='ocrx_word' id='word_1_138' title='bbox 894 2594 1069 2661; x_wconf 75' lang='lat' dir='ltr'><strong>ditioribus</strong></span> 
     </span>
     <span class='ocr_line' id='line_1_21' title="bbox 55 2702 1069 2802; baseline -0.002 -22"><span class='ocrx_word' id='word_1_139' title='bbox 55 2726 170 2802; x_wconf 76' lang='lat' dir='ltr'><strong>aequa</strong></span> <span class='ocrx_word' id='word_1_140' title='bbox 196 2713 239 2778; x_wconf 88' lang='lat' dir='ltr'><strong>da</strong></span> <span class='ocrx_word' id='word_1_141' title='bbox 266 2702 372 2797; x_wconf 73' lang='lat' dir='ltr'><strong>agria·</strong></span> <span class='ocrx_word' id='word_1_142' title='bbox 385 2731 496 2799; x_wconf 82' lang='lat' dir='ltr'><strong>nuqua</strong></span> <span class='ocrx_word' id='word_1_143' title='bbox 530 2712 572 2778; x_wconf 88' lang='lat' dir='ltr'><strong>da</strong></span> <span class='ocrx_word' id='word_1_144' title='bbox 603 2713 728 2778; x_wconf 80' lang='lat' dir='ltr'><strong>ueteris</strong></span> <span class='ocrx_word' id='word_1_145' title='bbox 754 2713 861 2796; x_wconf 83' lang='lat' dir='ltr'><strong>copiis</strong></span> <span class='ocrx_word' id='word_1_146' title='bbox 894 2713 1069 2799; x_wconf 83' lang='lat' dir='ltr'><strong>quicquam</strong></span> 
     </span>
     <span class='ocr_line' id='line_1_22' title="bbox 57 2828 1069 2916; baseline -0.002 -18"><span class='ocrx_word' id='word_1_147' title='bbox 57 2834 264 2911; x_wconf 64' lang='lat' dir='ltr'><strong>detramur,</strong></span> <span class='ocrx_word' id='word_1_148' title='bbox 301 2829 508 2914; x_wconf 81' lang='lat' dir='ltr'><strong>pauperibus</strong></span> <span class='ocrx_word' id='word_1_149' title='bbox 539 2848 644 2914; x_wconf 77' lang='lat' dir='ltr'><strong>agras</strong></span> <span class='ocrx_word' id='word_1_150' title='bbox 678 2829 821 2909; x_wconf 85' lang='lat' dir='ltr'><strong>divisas,</strong></span> <span class='ocrx_word' id='word_1_151' title='bbox 848 2828 1011 2916; x_wconf 74' lang='lat' dir='ltr'><strong>legiones·</strong></span> <span class='ocrx_word' id='word_1_152' title='bbox 1034 2843 1069 2896; x_wconf 80' lang='lat' dir='ltr'><strong>et</strong></span> 
     </span>
     <span class='ocr_line' id='line_1_23' title="bbox 57 2940 1070 3037; baseline -0.005 -20"><span class='ocrx_word' id='word_1_153' title='bbox 57 2940 192 3037; x_wconf 77' lang='lat' dir='ltr'><strong>equites</strong></span> <span class='ocrx_word' id='word_1_154' title='bbox 221 2966 265 3016; x_wconf 81' lang='lat' dir='ltr'><strong>ax</strong></span> <span class='ocrx_word' id='word_1_155' title='bbox 293 2947 335 3014; x_wconf 85' lang='lat' dir='ltr'><strong>iis</strong></span> <span class='ocrx_word' id='word_1_156' title='bbox 362 2947 528 3031; x_wconf 75' lang='lat' dir='ltr'><strong>scriptas,</strong></span> <span class='ocrx_word' id='word_1_157' title='bbox 553 2946 726 3031; x_wconf 81' lang='lat' dir='ltr'><strong>principes</strong></span> <span class='ocrx_word' id='word_1_158' title='bbox 756 2946 790 3011; x_wconf 87' lang='lat' dir='ltr'><strong>iu</strong></span> <span class='ocrx_word' id='word_1_159' title='bbox 814 2958 930 3029; x_wconf 81' lang='lat' dir='ltr'><strong>patres</strong></span> <span class='ocrx_word' id='word_1_160' title='bbox 950 2945 1070 3025; x_wconf 79' lang='lat' dir='ltr'><strong>iactas,</strong></span> 
     </span>
     <span class='ocr_line' id='line_1_24' title="bbox 56 3060 1069 3152; baseline -0.007 -16"><span class='ocrx_word' id='word_1_161' title='bbox 56 3079 198 3136; x_wconf 81' lang='lat' dir='ltr'><strong>senatus</strong></span> <span class='ocrx_word' id='word_1_162' title='bbox 221 3066 406 3152; x_wconf 77' lang='lat' dir='ltr'><strong>partiuipes</strong></span> <span class='ocrx_word' id='word_1_163' title='bbox 430 3064 560 3150; x_wconf 79' lang='lat' dir='ltr'><strong>fautus,</strong></span> <span class='ocrx_word' id='word_1_164' title='bbox 587 3063 713 3129; x_wconf 82' lang='lat' dir='ltr'><strong>auriam</strong></span> <span class='ocrx_word' id='word_1_165' title='bbox 739 3060 848 3129; x_wconf 87' lang='lat' dir='ltr'><strong>ordini</strong></span> <span class='ocrx_word' id='word_1_166' title='bbox 879 3072 982 3129; x_wconf 80' lang='lat' dir='ltr'><strong>aucto</strong></span> <span class='ocrx_word' id='word_1_167' title='bbox 1009 3061 1069 3129; x_wconf 65' lang='lat' dir='ltr'><strong>uass</strong></span> 
     </span>
     <span class='ocr_line' id='line_1_25' title="bbox 56 3180 1070 3267; baseline -0.003 -16"><span class='ocrx_word' id='word_1_168' title='bbox 56 3202 136 3252; x_wconf 85' lang='lat' dir='ltr'><strong>vam</strong></span> <span class='ocrx_word' id='word_1_169' title='bbox 153 3193 371 3267; x_wconf 78' lang='lat' dir='ltr'><strong>exstruutam,</strong></span> <span class='ocrx_word' id='word_1_170' title='bbox 394 3181 706 3249; x_wconf 74' lang='lat' dir='ltr'><strong>amnibuscaelium</strong></span> <span class='ocrx_word' id='word_1_171' title='bbox 714 3180 873 3260; x_wconf 76' lang='lat' dir='ltr'><strong>manteia,</strong></span> <span class='ocrx_word' id='word_1_172' title='bbox 896 3191 976 3246; x_wconf 83' lang='lat' dir='ltr'><strong>tuuc</strong></span> <span class='ocrx_word' id='word_1_173' title='bbox 994 3182 1070 3248; x_wconf 86' lang='lat' dir='ltr'><strong>urbi</strong></span> 
     </span>
    </p>
   </div>
   <div class='ocr_carea' id='block_1_3' title="bbox 55 3291 1070 3719">
    <p class='ocr_par' dir='ltr' id='par_1_3' title="bbox 55 3291 1070 3719">
     <span class='ocr_line' id='line_1_26' title="bbox 60 3291 1069 3392; baseline -0.005 -23"><span class='ocrx_word' id='word_1_174' title='bbox 60 3302 218 3382; x_wconf 87' lang='lat' dir='ltr'><strong>additum,</strong></span> <span class='ocrx_word' id='word_1_175' title='bbox 237 3303 294 3368; x_wconf 90' lang='lat' dir='ltr'><strong>ubi</strong></span> <span class='ocrx_word' id='word_1_176' title='bbox 314 3291 518 3380; x_wconf 74' lang='lat' dir='ltr'><strong>habitarunt,</strong></span> <span class='ocrx_word' id='word_1_177' title='bbox 538 3300 760 3392; x_wconf 74' lang='lat' dir='ltr'><strong>assignatum,</strong></span> <span class='ocrx_word' id='word_1_178' title='bbox 779 3310 814 3364; x_wconf 86' lang='lat' dir='ltr'><strong>et</strong></span> <span class='ocrx_word' id='word_1_179' title='bbox 834 3319 901 3386; x_wconf 88' lang='lat' dir='ltr'><strong>quo</strong></span> <span class='ocrx_word' id='word_1_180' title='bbox 912 3296 1069 3386; x_wconf 79' lang='lat' dir='ltr'><strong>frequen·</strong></span> 
     </span>
     <span class='ocr_line' id='line_1_27' title="bbox 55 3411 1069 3501; baseline -0.006 -15"><span class='ocrx_word' id='word_1_181' title='bbox 55 3421 124 3487; x_wconf 83' lang='lat' dir='ltr'><strong>tius</strong></span> <span class='ocrx_word' id='word_1_182' title='bbox 151 3416 390 3496; x_wconf 80' lang='lat' dir='ltr'><strong>habitaretur,</strong></span> <span class='ocrx_word' id='word_1_183' title='bbox 408 3417 517 3501; x_wconf 86' lang='lat' dir='ltr'><strong>ipsum</strong></span> <span class='ocrx_word' id='word_1_184' title='bbox 546 3411 675 3480; x_wconf 77' lang='lat' dir='ltr'><strong>Tullum</strong></span> <span class='ocrx_word' id='word_1_185' title='bbox 703 3433 778 3479; x_wconf 84' lang='lat' dir='ltr'><strong>eam</strong></span> <span class='ocrx_word' id='word_1_186' title='bbox 805 3413 922 3500; x_wconf 77' lang='lat' dir='ltr'><strong>regiae</strong></span> <span class='ocrx_word' id='word_1_187' title='bbox 952 3416 1069 3482; x_wconf 84' lang='lat' dir='ltr'><strong>sedam</strong></span> 
     </span>
     <span class='ocr_line' id='line_1_28' title="bbox 129 3635 1070 3719; baseline 0.003 -19"><span class='ocrx_word' id='word_1_188' title='bbox 129 3639 182 3714; x_wconf 71' lang='lat'><strong>25)</strong></span> <span class='ocrx_word' id='word_1_189' title='bbox 221 3638 379 3719; x_wconf 77' lang='lat' dir='ltr'><strong>Excepta,</strong></span> <span class='ocrx_word' id='word_1_190' title='bbox 408 3640 551 3715; x_wconf 85' lang='lat' dir='ltr'><strong>quantum</strong></span> <span class='ocrx_word' id='word_1_191' title='bbox 579 3635 720 3712; x_wconf 81' lang='lat' dir='ltr'><strong>equidem</strong></span> <span class='ocrx_word' id='word_1_192' title='bbox 744 3637 826 3706; x_wconf 84' lang='lat' dir='ltr'><strong>scio,</strong></span> <span class='ocrx_word' id='word_1_193' title='bbox 851 3657 911 3698; x_wconf 89' lang='lat' dir='ltr'><strong>uno</strong></span> <span class='ocrx_word' id='word_1_194' title='bbox 934 3638 999 3699; x_wconf 86' lang='lat' dir='ltr'><strong>iaco</strong></span> <span class='ocrx_word' id='word_1_195' title='bbox 1019 3645 1070 3716; x_wconf 78' lang='lat' dir='ltr'><strong>qui</strong></span> 
     </span>
    </p>
   </div>
   <div class='ocr_carea' id='block_1_4' title="bbox 54 3724 1068 3812">
    <p class='ocr_par' dir='ltr' id='par_1_4' title="bbox 54 3724 1068 3812">
     <span class='ocr_line' id='line_1_29' title="bbox 54 3724 1068 3812; baseline -0.01 -18"><span class='ocrx_word' id='word_1_196' title='bbox 54 3732 164 3812; x_wconf 78' lang='lat' dir='ltr'><strong>legitur</strong></span> <span class='ocrx_word' id='word_1_197' title='bbox 195 3729 279 3810; x_wconf 85' lang='lat' dir='ltr'><strong>apud</strong></span> <span class='ocrx_word' id='word_1_198' title='bbox 300 3729 430 3790; x_wconf 85' lang='lat' dir='ltr'><strong>Varrau.</strong></span> <span class='ocrx_word' id='word_1_199' title='bbox 457 3725 485 3785; x_wconf 83' lang='lat' dir='ltr'><strong>d.</strong></span> <span class='ocrx_word' id='word_1_200' title='bbox 511 3725 529 3786; x_wconf 93' lang='grc' dir='ltr'><strong>Ι.</strong></span> <span class='ocrx_word' id='word_1_201' title='bbox 552 3724 707 3796; x_wconf 80' lang='lat' dir='ltr'><strong>t.1v,1t</strong></span> <span class='ocrx_word' id='word_1_202' title='bbox 729 3726 790 3796; x_wconf 88' lang='lat' dir='ltr'><strong>ubi,</strong></span> <span class='ocrx_word' id='word_1_203' title='bbox 814 3726 864 3787; x_wconf 77' lang='lat' dir='ltr'><strong>aie</strong></span> <span class='ocrx_word' id='word_1_204' title='bbox 895 3727 969 3787; x_wconf 87' lang='lat' dir='ltr'><strong>orda</strong></span> <span class='ocrx_word' id='word_1_205' title='bbox 1005 3735 1068 3791; x_wconf 73' lang='lat' dir='ltr'><strong>ent:</strong></span> 
     </span>
    </p>
   </div>
   <div class='ocr_carea' id='block_1_5' title="bbox 54 3816 1092 3988">
    <p class='ocr_par' dir='ltr' id='par_1_5' title="bbox 54 3816 1092 3988">
     <span class='ocr_line' id='line_1_30' title="bbox 54 3816 1092 3907; baseline -0.019 -21"><span class='ocrx_word' id='word_1_206' title='bbox 54 3823 207 3891; x_wconf 79' lang='lat' dir='ltr'><strong>Ramnes,</strong></span> <span class='ocrx_word' id='word_1_207' title='bbox 226 3819 379 3891; x_wconf 78' lang='lat' dir='ltr'><strong>Luceres,</strong></span> <span class='ocrx_word' id='word_1_208' title='bbox 401 3816 575 3878; x_wconf 78' lang='lat' dir='ltr'><strong>Tutienses.</strong></span> <span class='ocrx_word' id='word_1_209' title='bbox 1089 3892 1092 3907; x_wconf 44' lang='grc' dir='ltr'>Ι</span> 
     </span>
     <span class='ocr_line' id='line_1_31' title="bbox 125 3905 1068 3988; baseline 0.002 -16"><span class='ocrx_word' id='word_1_210' title='bbox 125 3910 177 3988; x_wconf 75' lang='lat' dir='ltr'><strong>aa)</strong></span> <span class='ocrx_word' id='word_1_211' title='bbox 219 3909 249 3981; x_wconf 94' lang='lat' dir='ltr'><strong>l,</strong></span> <span class='ocrx_word' id='word_1_212' title='bbox 271 3911 319 3972; x_wconf 68' lang='lat'><strong>28.</strong></span> <span class='ocrx_word' id='word_1_213' title='bbox 342 3916 373 3970; x_wconf 79' lang='lat' dir='ltr'><strong>et</strong></span> <span class='ocrx_word' id='word_1_214' title='bbox 393 3908 430 3969; x_wconf 87' lang='lat' dir='ltr'><strong>D.</strong></span> <span class='ocrx_word' id='word_1_215' title='bbox 455 3906 512 3977; x_wconf 92' lang='grc' dir='ltr'>ΙΙΙ,</span> <span class='ocrx_word' id='word_1_216' title='bbox 532 3908 579 3968; x_wconf 74' lang='lat'><strong>29.</strong></span> <span class='ocrx_word' id='word_1_217' title='bbox 600 3913 632 3967; x_wconf 82' lang='lat' dir='ltr'><strong>at</strong></span> <span class='ocrx_word' id='word_1_218' title='bbox 651 3905 705 3978; x_wconf 90' lang='grc' dir='ltr'>ΙΙΙ,</span> <span class='ocrx_word' id='word_1_219' title='bbox 728 3907 752 3969; x_wconf 87' lang='grc' dir='ltr'><strong>Ι.</strong></span> <span class='ocrx_word' id='word_1_220' title='bbox 789 3906 896 3969; x_wconf 80' lang='lat' dir='ltr'><strong>Aurei.</strong></span> <span class='ocrx_word' id='word_1_221' title='bbox 913 3908 1068 3974; x_wconf 67' lang='lat' dir='ltr'><strong>Victori,</strong></span> 
     </span>
    </p>
   </div>
   <div class='ocr_carea' id='block_1_6' title="bbox 813 4065 860 4131">
    <p class='ocr_par' dir='ltr' id='par_1_6' title="bbox 813 4065 860 4131">
     <span class='ocr_line' id='line_1_32' title="bbox 813 4065 860 4131; baseline -0.021 -34"><span class='ocrx_word' id='word_1_222' title='bbox 813 4065 860 4131; x_wconf 69' lang='lat'><strong>2*</strong></span> 
     </span>
    </p>
   </div>
   <div class='ocr_carea' id='block_1_7' title="bbox 0 0 1238 4576">
    <p class='ocr_par' dir='ltr' id='par_1_7' title="bbox 0 0 1238 4576">
     <span class='ocr_line' id='line_1_33' title="bbox 0 0 1238 4576; baseline 0 0"><span class='ocrx_word' id='word_1_223' title='bbox 0 0 1238 4576; x_wconf 95' lang='lat' dir='ltr'><strong> </strong></span> 
     </span>
    </p>
   </div>
  </div>
 </body>
</html>
