2466 4576
513 286 724 352 ..69-

114 470 202 533 notui
223 468 458 555 nobilibusque
479 470 688 536 commodum
702 468 757 536 vel
776 470 963 556 quaesitum
976 469 1029 535 vel
1041 492 1119 556 par-

113 598 176 650 tum
200 592 295 651 certe
308 605 399 664 esse,
421 607 566 654 consere
582 588 730 664 videtum
751 588 888 675 quippe,
909 599 984 655 orto
1007 609 1120 673 epro-

112 702 314 770 vincinlibus
339 705 518 771 discordiis
541 707 629 771 inter
649 704 849 790 publicanos
871 707 1064 791 equitesque
1086 718 1121 771 et

108 821 313 888 nobilitatem
344 823 499 907 discidio,
528 823 734 888 commodius
762 821 868 888 foisse
895 823 1120 901 senatoribus,

108 963 169 1028 per
185 942 292 1007 tribus
306 962 387 1007 suas
401 942 597 1026 dispartitus
619 941 732 1006 multis
744 939 829 1007 locis
840 939 1003 1026 suffragio
1016 939 1121 1024 ferre,

108 1082 208 1148 quum
230 1061 345 1139 iniis,
379 1060 412 1124 in
434 1061 554 1145 quibus
574 1061 641 1146 jam
665 1059 748 1125 nibil
770 1057 970 1137 valuissent,
1006 1069 1121 1126 centn·

108 1180 167 1244 riis
177 1179 247 1258 ¹⁰⁰).
270 1177 395 1244 Verum
410 1178 551 1261 primum
573 1177 706 1263 quidem
731 1175 787 1240 illo
813 1185 965 1261 tempore
985 1179 1120 1244 omnino

107 1298 196 1362 inter
215 1295 346 1380 equites
367 1314 455 1379 equo
475 1294 611 1378 publico
635 1304 668 1358 et
689 1301 868 1358 senatores
881 1291 1005 1360 nullum
1020 1295 1119 1360 disci·

108 1415 196 1479 dium
232 1411 356 1490 fuisse,
390 1412 461 1497 jam
493 1432 599 1496 supro
630 1410 868 1476 demonstravi.
913 1411 1044 1477 Deinde
1061 1431 1120 1478 ex

107 1533 216 1617 ipsius
252 1531 461 1615 lilarquordti
494 1531 661 1626 sententia
682 1536 742 1614 (p.
765 1530 842 1613 22.)
873 1549 937 1596 sex
957 1528 1120 1614 suffragio

106 1672 176 1719 non
203 1649 469 1736 publicanorum,
492 1649 553 1714 sed
574 1646 755 1713 nobilitatis
784 1648 963 1725 erent¹⁰¹);
997 1669 1040 1713 ex
1077 1650 1119 1714 iis

106 1771 209 1855 igitur
229 1767 371 1833 cedendi
394 1764 484 1831 nulla
506 1767 720 1832 senatoribus
739 1780 845 1831 ceusu
867 1766 899 1830 in
921 1765 1116 1850 publicanu-

106 1907 180 1951 rum
203 1884 447 1949 abalienatione
483 1884 595 1968 posita
622 1903 701 1950 esse
729 1884 845 1967 potuit.
877 1883 960 1948 'lum
982 1894 1018 1949 ut
1038 1883 1117 1951 nibil

102 2007 174 2090 jam
198 2005 231 2068 iu
253 2002 405 2088 'equitum
424 2003 585 2067 centuriis
606 2015 786 2067 senatores
808 1996 976 2080 solerent,
1010 2004 1117 2088 qnod-

107 2141 184 2187 nam
217 2110 425 2186 commodum
453 2120 641 2204 comparari
669 2122 775 2206 potuit
797 2121 830 2184 in
848 2121 977 2205 primae
993 2122 1116 2188 classis

107 2238 279 2304 centurias
306 2237 533 2320 transcriptis,
562 2237 595 2300 iu
622 2237 743 2321 quibus
767 2234 968 2321 publicanos
995 2258 1116 2322 regnu·

106 2357 199 2422 visse
224 2353 465 2438 Marqubrdtns
498 2354 552 2437 (p.
573 2351 645 2435 tl.)
680 2353 756 2436 ipsa
789 2351 938 2418 fatetur?
980 2352 1035 2417 An
1062 2353 1117 2437 qui

107 2472 281 2559 conjuncti
298 2473 332 2536 ln
353 2470 501 2556 equitum
520 2470 681 2536 centuriis
701 2469 780 2535 nibil
805 2479 966 2555 possent,
986 2471 1117 2554 dispar·

107 2593 156 2657 titi
176 2591 262 2655 inter
283 2587 483 2674 publicanos
514 2587 649 2653 fore-ut
670 2586 781 2673 aliquo
804 2589 904 2655 modo
926 2588 1004 2673 p'los
1025 2588 1115 2656 vuls-

106 2718 201 2791 rent,
220 2706 287 2772 ulla
308 2714 391 2791 'spes
411 2726 491 2772 esse
510 2704 639 2790 potuit?
673 2704 825 2791 Denique
849 2707 880 2774 si
901 2708 1117 2792 optimatibus

107 2825 316 2892 commodius
336 2823 487 2902 luisset,¹
500 2833 680 2888 senatores
702 2843 766 2906 per
793 2824 899 2888 tribus
922 2824 1120 2910 dispertitos

106 2942 270 3028 suffragiu
290 2940 402 3019 ferre,
426 2940 549 3008 Cicero
573 2951 667 3007 certe
687 2962 755 3007 non
777 2962 909 3022 eorum,
937 2944 992 3028 qui
1017 2943 1117 3028 hujus

106 3060 280 3128 commodi·
298 3061 420 3143 cupidi.
431 3069 563 3140 essent,
579 3059 750 3124 stultitiam
772 3060 1055 3143 reprehendisset

213 3187 267 3253 Ad
296 3185 436 3252 alteram
466 3197 576 3253 autem
609 3187 853 3272 quaestionem:
872 3188 963 3271 quod
990 3186 1117 3266 attinet,

109 3304 218 3391 qualis
239 3306 274 3369 in
298 3304 356 3370 illo
379 3303 556 3389 plebiscito
571 3302 672 3369 fuerit
692 3304 838 3392 largitio,
861 3306 1000 3391 primum
1014 3324 1117 3389 quoe-

106 3425 248 3490 rendum
267 3430 333 3502 est,
359 3432 468 3487 utrum
483 3423 517 3485 in
537 3421 616 3488 loco
637 3423 862 3490 Ciceroniano
887 3426 995 3490 verbu
1019 3425 1118 3503 „red

107 3543 296 3609 dendorum
323 3543 508 3625 equorum“
532 3560 606 3602 cum
632 3542 764 3605 nomine
786 3540 1042 3626 „plebiscitum“
1068 3534 1118 3621 (id

215 3803 286 3880 100)
325 3802 402 3882 qu.
426 3803 514 3864 Rom.
535 3823 566 3883 p.
583 3803 629 3864 ll.

217 3902 308 3988 lilii-3
326 3911 392 3985 (lit.¹
409 3908 508 3974 P'eter
529 3911 678 3993 Epocben
694 3911 729 3994 p.
746 3908 834 3973 utus
895 3908 898 3913 ’
