2466 4576
604 285 792 348 ...4.-

189 481 256 535 tum
277 470 321 534 ab
342 468 401 549 iis,
431 489 571 554 quorum
599 470 632 534 in
659 468 727 534 hoc
751 469 827 553 ipso
855 466 931 533 loco
962 468 1004 533 de
1031 469 1196 554 equitibus

188 587 350 652 Romanis
373 588 547 652 tractando
570 607 652 652 cura
680 607 720 651 se
741 586 868 665 tenuit,
889 585 1107 669 investigata,
1131 586 1197 650 dis·

189 714 321 789 putata,
350 706 579 770 demonstrata
606 713 701 782 sunt,
722 713 760 768 ut
786 703 820 767 id
844 704 985 768 maxime
1017 705 1198 769 verendum

190 820 269 885 mibi
291 821 462 898 videatur,
482 841 547 898 ne,
570 821 599 884 si
619 820 660 885 iis
683 839 884 896 assensero,
915 820 1101 884 absolutam
1128 840 1199 884 reru

191 937 318 1003 frustra
338 939 426 1022 quod
449 937 726 1015 retractaverim,
746 938 774 1001 si
796 938 838 1002 ab
861 937 902 1001 iis
923 938 1115 1003 discessero
1138 938 1198 1002 du·

192 1055 318 1121 bitaudi
339 1053 440 1119 libido
464 1056 647 1140 opprobrio
677 1053 752 1118 mihi
777 1055 884 1118 detur.
928 1055 1012 1119 Nam
1033 1075 1144 1141 neque
1165 1057 1198 1121 in

191 1174 433 1258 investigandis
460 1185 494 1236 et
521 1172 754 1257 perquirendis
783 1173 984 1258 antiquitatis
1011 1195 1201 1240 monumen-

192 1293 235 1356 tis
263 1292 532 1376 scriptorumque
564 1302 714 1356 veterum
742 1292 939 1356 testimoniis
972 1291 1140 1377 diligentia
1168 1305 1202 1359 et

193 1428 285 1486 cura,
306 1427 416 1492 neque
438 1405 533 1471 iniis
558 1406 815 1490 componendis,
837 1406 1107 1490 interpretandis,
1127 1428 1206 1491 per-t

191 1524 380 1609 pendendis
406 1523 584 1607 prudentia
617 1533 651 1587 et
678 1540 820 1586 acumen
849 1544 958 1608 usque
978 1523 1089 1589 adhuc
1113 1525 1200 1591 desi·

193 1642 384 1706 derabatur.
438 1639 595 1704 Attamen
629 1659 841 1725 nequaquam
876 1661 934 1705 res
972 1662 1015 1706 ex
1046 1644 1201 1707 omnibus

192 1759 345 1844 partibus
366 1758 521 1824 absoluta
542 1767 611 1834 est3
635 1778 713 1823 nam
736 1779 778 1823 ea
799 1759 893 1842 ipsa,
916 1780 1005 1845 quae
1039 1773 1200 1826 auctores

194 1888 331 1942 veteres
354 1877 395 1939 de
419 1875 584 1961 equitibus
598 1874 762 1938 Romanis
776 1875 956 1940 memoriae
980 1876 1198 1962 tradiderunt,

195 1991 239 2054 ad
267 1990 498 2074 antiquissima
522 1999 676 2072 tempora
702 1990 792 2072 quod
818 1990 934 2055 attinet
961 1992 1083 2075 exigua
1111 2002 1198 2071 snut,

192 2105 279 2171 iuter
322 2125 361 2170 se
403 2105 646 2188 discrepantia,
687 2106 859 2187 erroribus
889 2107 1009 2185 mixta,
1044 2107 1201 2174 nonnulla

194 2222 285 2288 baud
308 2223 407 2287 dubie
429 2221 528 2302 falsa,
551 2223 643 2307 quod
663 2223 708 2286 ad
728 2225 933 2308 posteriora,
950 2224 1046 2311 plura
1069 2229 1200 2311 quidem

194 2352 228 2405 et
259 2340 417 2417 certiora,
444 2342 505 2403 sed
533 2340 621 2405 haec
648 2361 783 2426 quoque
825 2343 979 2428 dispersa
1016 2364 1200 2430 parumque

195 2460 355 2523 continua
383 2478 493 2543 neque
529 2459 734 2523 dubitatione
760 2471 926 2544 exempta.
973 2462 1092 2546 Neque
1115 2483 1202 2541 raro,

193 2596 282 2662 quae
317 2587 436 2640 nostra
465 2577 555 2641 scire
591 2575 766 2659 plurimum
808 2578 963 2655 interest,
994 2600 1109 2644 eorum
1146 2589 1201 2647 ant

192 2691 351 2759 fortunae
381 2692 553 2776 iniquitate
587 2693 745 2755 memoria
778 2692 960 2772 intercidit,
1004 2707 1062 2758 aut
1096 2716 1116 2758 a
1150 2717 1200 2761 re·

192 2832 267 2878 rum
278 2811 513 2895 scriptoribus,
535 2831 635 2896 quum
650 2811 798 2894 ipsorum
816 2811 942 2877 civibus
961 2813 1136 2878 notissima
1150 2836 1200 2879 es·

194 2939 287 3009 seut,
323 2929 444 2994 mentio
470 2928 562 2993 nulla
596 2928 689 2993 sacta
716 2940 785 3008 est,
815 2930 861 2992 ita
890 2941 928 2994 ut
957 2951 999 2995 ex
1025 2934 1143 3015 paucis
1170 2943 1201 2997 et

193 3047 350 3111 obscuris
376 3043 519 3129 iudiciis,
555 3044 667 3131 qualia
693 3045 781 3110 haec
812 3044 954 3125 fuerint,
989 3039 1112 3134 conjici
1147 3052 1202 3115 de·

193 3163 283 3228 beat.
329 3161 482 3224 Omnium
501 3170 612 3224 autern
633 3161 689 3245 qui
709 3161 898 3227 recentiore
922 3175 1034 3230 aetate
1060 3168 1093 3230 in
1113 3167 1203 3231 hauc

192 3277 366 3342 materiam
391 3295 529 3360 operam
543 3275 787 3360 impenderunt,
806 3280 972 3344 neminem
993 3284 1087 3367 prius
1110 3304 1202 3348 oom-

193 3395 443 3458 memorandum
486 3413 565 3458 csse
606 3415 733 3459 censeo
768 3395 961 3466 Niebuhrio.
1026 3401 1111 3462 Nam
1146 3404 1201 3484 qui

194 3527 274 3578 enm
297 3504 566 3589 antecedebant,
604 3512 742 3577 criticae
776 3514 859 3580 artis
894 3516 925 3580 si
962 3533 1031 3578 nou
1060 3532 1203 3596 prorsus

194 3639 371 3714 expertes,
402 3629 505 3693 rudes
538 3630 649 3693 tamen
676 3641 710 3694 et
743 3632 778 3694 iu
812 3649 869 3694 res
894 3628 1075 3695 historicas
1105 3651 1201 3698 exer.

194 3746 326 3813 candae
349 3747 501 3809 insuetos
523 3765 786 3811 commemorare
811 3765 878 3810 nou
903 3745 1038 3827 attinet,
1062 3749 1117 3834 qui
1144 3768 1202 3820 an·

194 3848 358 3930 tem-'autu
379 3862 487 3931 secuti
503 3873 599 3942 suut,
628 3864 676 3929 ita
703 3883 820 3930 omnes
846 3884 890 3930 ex
911 3885 953 3930 eo
974 3867 1139 3949 pendent,
1167 3877 1203 3933 ut
