2466 4576
507 277 714 341 ψῃ..

107 459 193 530 biuis
216 459 355 542 additis,
376 480 520 543 prorsus
540 480 608 526 nnn
628 458 832 546 intelligitur.
853 458 927 529 ..Au
952 459 1118 523 ducentos
1154 534 1156 539 ¹

107 579 208 665 igitur
229 588 408 644 senatores
430 578 632 663 Tarquinius
658 577 808 655 Priscus,
829 577 863 641 si
883 575 1037 660 plurimis
1059 595 1119 640 au·

108 698 256 764 acribus
278 694 366 761 fides
386 695 543 761 habenda
565 707 634 774 est,
653 705 791 761 centnm
812 694 955 780 adjecit,
975 693 1007 759 si
1022 692 1119 769 Cice·

107 831 224 880 runem
245 811 435 898 sequimur,
464 832 637 879 numerum
665 811 858 896 duplicauit.
915 808 1042 887 Verum
1066 809 1119 876 Gi.

109 929 243 995 aaronis
269 924 367 1021 crrcr
393 930 482 994 unde
509 941 604 995 ortus
630 929 690 1008 sit,
717 929 753 995 in
778 937 896 1012 aperto
925 937 989 993 est.
1030 927 1118 1009 Nam

109 1066 209 1131 quum
227 1046 440 1132 Tarquinium
461 1047 615 1120 Priscum
642 1057 772 1132 petrum
794 1045 827 1112 h.
852 1066 879 1109 e.
900 1046 1119 1130 patriciorum

107 1183 282 1235 numerum
301 1165 528 1251 duplicavisse
553 1165 735 1238 memoriae
753 1163 909 1231 traditum
931 1173 1036 1242 esset,
1057 1166 1119 1246 (de

108 1301 187 1367 qua
206 1303 245 1371 re
274 1295 395 1369 pastea
417 1282 580 1351 nonnulla.
596 1285 738 1350 dicenda
757 1285 883 1365 eruut),
903 1291 1038 1351 vetusta
1059 1305 1120 1349 ne·

108 1398 206 1465 minis
226 1398 558 1483 untions'ncglectu,
579 1398 623 1463 ud
643 1408 797 1464 senatum
818 1397 1008 1482 pertinere,
1030 1417 1120 1481 quau¹

109 1515 152 1582 dc
172 1515 326 1598 putribus
348 1516 584 1600 proderentur,
607 1515 728 1581 Cicero
750 1515 909 1599 opinatus
929 1524 993 1581 cst.
1040 1514 1121 1591 Qui,

108 1651 186 1699 uum
208 1641 319 1701 autem
341 1631 465 1701 luerint
488 1632 532 1699 illi
554 1643 704 1712 centum,
730 1653 818 1718 quos
837 1631 1038 1717 Tarquinius
1060 1631 1120 1715 ad7

110 1749 208 1829 didit,
235 1751 465 1836 quaerendum
490 1762 552 1817 est.
597 1751 706 1825 Quum
728 1759 839 1821 autem
860 1760 994 1815 centum
1016 1749 1121 1825 Rarus

109 1866 251 1937 nibusn
274 1867 417 1933 Romulo
439 1868 473 1932 in
496 1878 649 1932 senatum
672 1866 782 1946 lectis,
803 1865 944 1932 foedere
966 1884 1041 1939 curn
1055 1864 1123 1937 Sar.

110 1984 198 2052 binis
212 1982 304 2049 fecto
327 1995 463 2055 centum
487 1985 599 2051 Tities·
614 1985 748 2051 additus
771 2003 851 2049 esse
874 1993 1020 2062 constet,
1039 1983 1121 2068 quid

109 2101 229 2186 magis.
244 2115 507 2176 consentaneum
538 2122 639 2188 quam
673 2103 792 2169 tertios
819 2102 1011 2169 accessisse
1038 2122 1120 2169 een·

110 2228 179 2285 tum
189 2218 343 2287 luceres
361 2218 574 2287 existimare?
606 2218 668 2285 Cui
689 2217 1121 2303 sententiaesseckerusrs)

111 2335 177 2403 duo
211 2335 354 2403 maxime
392 2336 549 2421 opponit,
582 2336 739 2421 primum,
771 2337 953 2422 permirum
990 2335 1122 2413 videri,

109 2461 178 2521 tam
198 2452 353 2536 longum
394 2452 526 2522 demum
554 2463 633 2537 pust
666 2463 798 2537 tempus
837 2452 990 2518 Luceres
1018 2470 1119 2531 scne-

109 2580 163 2640 lus
197 2570 379 2653 participes
415 2570 526 2635 factos
569 2589 664 2648 esse,
705 2569 826 2635 deinde
870 2588 914 2633 ex
941 2568 982 2633 iis
1009 2567 1120 2649 lectus

109 2705 190 2755 csse
211 2697 391 2756 senatores
420 2687 524 2765 trudi,
556 2706 690 2772 quose
723 2685 824 2771 plebe
854 2685 1057 2771 Tarquinius
1073 2687 1120 2765 in

107 2802 515 2886 patriciorumnumerum
537 2801 770 2887 adscripserit,
790 2824 858 2870 uun
879 2823 899 2869 e
920 2803 1119 2883 Luceribus.

108 2918 236 2987 Verum
254 2922 344 3007 quod
366 2922 411 2986 ud
432 2921 527 3005 prius
543 2904 682 3005 'attinet,
706 2920 783 2986 licet
803 2921 919 2986 mirum
940 2922 985 2986 sit
1004 2931 1118 2988 tamen
1160 2935 1161 2944 ¹

108 3048 188 3108 ante
217 3039 432 3126 Tarquinium
456 3043 608 3125 Luceres
624 3042 668 3124 ¹iu
700 3051 853 3117 senatum
879 3041 1035 3122 venisse,
1062 3062 1117 3108 se·

108 3164 222 3220 natum
248 3158 294 3220 ud
322 3168 563 3222 trecentorum·
580 3176 752 3221 numerum
785 3156 989 3241 cumpletum
1020 3177 1116 3238 esse,

107 3268 231 3338 aarum
257 3273 414 3363 matarum
453 3285 582 3367 exstat,
616 3260 681 3359 qua
710 3272 822 3363 corngr
848 3275 964 3359 posen.
988 3294 989 3299 κ
1017 3259 1117 3351 Qum

107 3387 152 3453 ad
176 3387 316 3456 alterum
334 3368 479 3468 uniret,
508 3371 705 3455 menendum
735 3401 804 3471 est,
840 3391 972 3476 Livium
1007 3413 1116 3479 neque

108 3526 196 3592 quae
223 3507 266 3583 de
285 3508 465 3594 duplicatis
497 3530 557 3594 per
589 3485 991 3596 Tarquiniumcenturiis
1017 3510 1117 3579 Rum-

106 3625 208 3714 nium,
229 3624 359 3702 Titium,
378 3625 545 3693 Lucerum
558 3639 674 3693 narrat
695 3648 769 3693 cum
793 3639 930 3727 patrum
953 3629 1115 3694 minorum

182 3873 234 3952 st)
273 3877 364 3942 unm.
386 3877 516 3940 Artem.
536 3880 575 3950 n,
594 3902 624 3962 p.
644 3881 710 3942 stc.
